@article{Garrido2009,
		author = {Garrido, Carmen and Mar\'{\i}n, Nicol\'{a}s and Pons, Olga},
		doi = {10.1142/S021848850900608X},
		file = {:home/jose/Documentos/fpi/documentsTos/articulos sobre tiempo/fuzzy temporal/fuzzy intervals to represent fuzzy time.pdf:pdf},
		issn = {0218-4885},
		journal = {International Journal of Uncertainty, Fuzziness and Knowledge-Based Systems},
		keywords = {data manipulation,fuzzy data,fuzzy interval,temporal database},
		number = {Supp},
		pages = {173},
		title = {{Fuzzy Intervals To Represent Fuzzy Valid Time in a Temporal Relational Database}},
		url = {http://www.worldscinet.com/ijufks/17/17supp01/S021848850900608X.html},
		volume = {17},
		year = {2009}
}

@book{McCluskey65,
		author	= "Edward McCluskey",
		title		= "Introduction to the Theory of Switching Circuits",
		publisher	=	"McGraw-Hill Book Company",
		year	=	"1965",
}

@article{Dubois89,
		author = {Didier DuBois and Henri Prade},
		title = {Processing fuzzy temporal knowledge},
		journal = {IEEE Transactions on Systems, Man, and Cybernetics},
		volume = {19},
		year = {1989},
		pages = {729--744},
		doi = {10.1109/21.35337},
		masid = {1160174}
}

@article{Dubois1983,
		author = {Dubois, Didier and Prade, Henri},
		journal = {Information Sciences},
		pages = {183--224},
		title = {{Ranking fuzzy Numbers in the Setting of Possibility Theory}},
		volume = {224},
		year = {1983}
}

@article{Dyreson1994,
 		author = {Dyreson, C. and Grandi, F. et al.},
 		title = {A consensus glossary of temporal database concepts},
 		journal = {SIGMOD Rec.},
 		volume = {23},
 		issue = {1},
 		year = {1994},
 		issn = {0163-5808},
 		pages = {52--64},
 		numpages = {13},
 		acmid = {181560},
 		publisher = {ACM},
 		address = {New York, NY, USA}
}

@article{Allen:1983:MKT:182.358434,
		author = {Allen, James },
		title = {Maintaining knowledge about temporal intervals},
		journal = {Communications of the ACM},
		volume = {26},
		issue = {11},
		year = {1983},
		issn = {0001-0782},
		pages = {832-843},
		numpages = {12},
		acmid = {358434},
		publisher = {ACM},
		address = {New York, NY, USA},
		keywords = {interval reasoning, interval representation, temporal interval}
} 

@article{Choquet53,
		author	= "Gustave Choquet",
		title		= "Theory of capacities",
		journal	=	"Annales de l'Institut Fourier",
		year	=	"1953",
		volume	=	"5",
		pages	=	"131-295",
}

@book{Shackle61,
		author	= "George Shackle",
		title		= "Decision, order and time in human affairs",
		publisher	=	"Cambridge University Press",
		year	=	"1961",
}

@book{Kolmogorov33,
		author	= "Andrey Kolmogorov",
		title		= "Grundbegriffe der Wahrscheinlichkeitsrechnung",
		publisher	=	"Berlin: Julius Springer",
		year	=	"1933",
}

@article{Finetti37,
		author	= "Bruno De Finetti",
		title		= "La pr\'evision : ses lois logiques, ses sources subjectives",
		journal	=	"Ann. Inst. Poincar\'e",
		year	=	"1937",
		volume	=	"7",
		pages	=	"1-68",
}

@book{Shafer61,
		author	= "Glenn Shafer",
		title		= "A mathematical theory of evidence",
		publisher	=	"Princeton University Press",
		year	=	"1961",
}
@article{Zadeh65,
		author	= "{Lotfi Zadeh}",
		title		= "Fuzzy sets",
		journal	=	"Information and Control",
		year	=	"1965",
		volume	=	"8",
		pages	=	"338-353",
}
@inproceedings{Gaines75,
		author	= "{Brian Gaines} AND {Ladislav Kohout}",
		title		= "Possible automata",
		booktitle	=	"Proceedings of the International symposium on multiple-valued logic",
		year	=	"1975",
		pages	=	"183-196",
		address	=	"Bloomington, USA",
}

@article{Zadeh78,
		author	= "{Lotfi Zadeh}",
		title		= "Fuzzy sets as a basis for a theory of possibility",
		journal	=	"Fuzzy Sets and Systems",
		year	=	"1978",
		volume	=	"1",
		pages	=	"3-28",
}

@article{Nguyen79,
		author	= "{Hung Nguyen}",
		title		= "Some mathematical tools for linguistic probabilities",
		journal	=	"Fuzzy Sets and Systems",
		year	=	"1979",
		volume	=	"2",
		pages	=	"53-65",
}

@book{Dubois88,
		author	= "{Didier Dubois} and {Henri Prade}",
		title		= "Possibility Theory",
		publisher	=	"Plenum Press",
		year	=	"1988",
}

@article{Dubois88b,
		author	= "{Didier Dubois} and {Henri Prade}",
		title		= "Incomplete conjunctive information",
		journal	=	"Computers and Mathematics with Applications",
		year	=	"1988",
		volume	=	"15",
		number = "10",
		pages	=	"797-810",
}

@phdthesis{VanSchooten,
    author  = "{Antwan Van Schooten}",
    title   = "Ontwerp en implementatie van een model voor de representatie en manipulatie van onzekerheid en imprecisie in databanken en expert systemen",
    year    = "1988",
    school	= "Ghent University",
}
@inproceedings{Prade82,
		author	= "{Henri Prade}",
		title		= "Possibility sets, fuzzy sets and their relation to Lukasiewicz logic",
		booktitle	=	"Proceedings of the International Symposium on Multiple-Valued Logic",
		year	=	"1982",
		pages	=	"223-227",
}
@article{Dubois97,
		author	= "{Didier Dubois} and {Henri Prade}",
		title		= "The three semantics of fuzzy sets",
		journal	=	"Fuzzy Sets and Systems",
		year	=	"1997",
		volume	=	"90",
		number = "2",
		pages	=	"141-150",
}

@article{DeCooman97-1,
		author	= "{Gert De Cooman}",
		title		= "Possibility theory 1: The measure- and integral-theoretic groundwork",
		journal	=	"International Journal of General Systems",
		year	=	"1997",
		volume	=	"25",
		number = "4",
		pages	=	"291-323",
}
@article{DeCooman97-2,
		author	= "{Gert De Cooman}",
		title		= "Possibility theory 2: Conditional possibility",
		journal	=	"International Journal of General Systems",
		year	=	"1997",
		volume	=	"25",
		number = "4",
		pages	=	"325-351",
}
@article{DeCooman97-3,
		author	= "{Gert De Cooman}",
		title		= "Possibility theory 3: Possibilistic independence",
		journal	=	"International Journal of General Systems",
		year	=	"1997",
		volume	=	"25",
		number = "4",
		pages	=	"353-371",
}
@misc{DeCooman,
	  author = "{Gert De Cooman}",
	  title = "Towards a possibilistic logic. In: Fuzzy Set Theory and Advanced Mathematical Applications, edited by Da Ruan, Kluwer Academic, pp. 89--133, Boston.",
	  year = "1995"
}
@inbook{Dubois09,
		editor = "{Denis Bouyssou}  and {Didier Dubois} and {Marc Pirlot} and {Henri Prade}",
		author = "{Didier Dubois} and {Henri Prade}",
		chapter = "{Formal representations of uncertainty}",
		booktitle = "{Decision-making: Concepts and Methods}",
		publisher = "Wiley",
		year = "2009",
		pages = "85-156",
}

@article{10.1109/TIME.2004.1314418,
		author = {Hans J. Ohlbach},
		title = {Relations Between Fuzzy Time Intervals},
		journal ={Temporal Representation and Reasoning, International Syposium on},
		volume = {0},
		issn = {1530-1311},
		year = {2004},
		pages = {44-51},
		publisher = {IEEE Computer Society},
		address = {Los Alamitos, CA, USA},
}

﻿@incollection {springerlink:10.1007/978-3-540-39964-3_57,
  		author = {Nagypál, Gábor and Motik, Boris},
   affiliation = {FZI Research Center for Information Technologies, at the University of Karlsruhe, Haid-und-Neu-Str. 10-14, 76131 Karlsruhe, Germany },
   		title = {A Fuzzy Model for Representing Uncertain, Subjective, and Vague Temporal Knowledge in Ontologies},
   		booktitle = {On The Move to Meaningful Internet Systems 2003: CoopIS, DOA, and ODBASE},
   		series = {Lecture Notes in Computer Science},
   		publisher = {Springer Berlin / Heidelberg},
   		isbn = {},
   		pages = {906-923},
   		volume = {2888},
   		year = {2003}
}

@ARTICLE{4481150,
		author={Schockaert, S. and De Cock, M. and Kerre, E.E.},
		journal={Fuzzy Systems, IEEE Transactions on}, title={Fuzzifying Allen's Temporal Interval Relations},
		year={2008},
		month={april },
		volume={16},
		number={2},
		pages={517 -533},
		keywords={fuzzy orderings;fuzzy set;fuzzy temporal reasoning;fuzzy time interval;question answering systems;temporal interval relations;transitivity table;fuzzy reasoning;fuzzy set theory;temporal reasoning;},
		ISSN={1063-6706}
}

@INPROCEEDINGS{655777,
		author={Bohlen, M.H. and Busatto, R. and Jensen, C.S.},
		booktitle={Data Engineering, 1998. Proceedings., 14th International Conference on}, title={Point-versus interval-based temporal data models},
		year={1998},
		month=feb,
		volume={},
		number={},
		pages={192 -200},
		keywords={attribute values;data items;database design;formal basis;interval based models;interval based temporal data models;point based temporal data models;query language properties;query languages;query optimization opportunities;query processing techniques;snapshot equivalent argument relations;snapshot equivalent relations;time fragment preservation;time varying information;timestamps;tuples;data structures;query languages;query processing;temporal databases;temporal logic;},
		ISSN={1063-6382}
}

@Article{Cru97,
	title="A theoretical fuzzy time model based on granularities",
	author="Van der Cruyssen, B. and De Caluwe, R.and De Tr\'{e}, G.",
	journal="EUFIT'97",
	year="1997",
	month="Sep",
	publisher="ELITE Foundation",	
	pages="1127--1131"
}

@INPROCEEDINGS{624013,
	author={De Tre, G. and De Caluwe, R. and Van Der Cruyssen, B. and Van Gyseghem, N.},
	booktitle={Fuzzy Information Processing Society, 1997. NAFIPS '97., 1997 Annual Meeting of the North American}, 
	title={Towards temporal fuzzy and uncertain object-oriented database management systems},
	year={1997},
	month=sep,
	volume={},
	number={},
	pages={68 -72},
	keywords={ data integrity; fuzzy logic; natural languages; object oriented time model; temporal fuzzy database; time modeling; uncertain object-oriented database; uncertainty handling; data integrity; database theory; fuzzy logic; natural languages; object-oriented databases; temporal databases; temporal logic; uncertainty handling;},
	ISSN={}
}

@MISC{Lin97efficientconversion,
    		author = {Hong Lin and Christian S. Jensen (codirector and Michael H. B Ohlen and Renato Busatto and Heidi Gregersen and Kristian Torp and Richard T. Snodgrass (codirector and Anindya Datta and Sudha Ram},
    		title = {Efficient Conversion Between Temporal Granularities},
    		year = {1997}
}

@MISC{Ston87,
	title={The Postgres Papers},
	author={L.Rowe and M.Stonebreker"},
	year={1987},
	month={6}
}

@article{Jensen:1991:IIM:627283.627484,
	 author = {Jensen, C. S. and Mark, L. and Roussopoulos, N.},
	 title = {Incremental Implementation Model for Relational Databases with Transaction Time},
	 journal = {IEEE Trans. on Knowl. and Data Eng.},
	 volume = {3},
	 issue = {4},
	 month = {December},
	 year = {1991},
	 issn = {1041-4347},
	 pages = {461--473},
	 numpages = {13},
	 acmid = {627484},
	 publisher = {IEEE Educational Activities Department},
	 address = {Piscataway, NJ, USA},
	 keywords = {data retrieval, database theory, decremental computations, deferred update, differential computation, historical data, incremental computations, partitioned storage models, queries, relational data model, relational databases, stored views, transaction time, view materialization},
}

@inproceedings{Snodgrass:1984:TQL:588011.588041,
 	author = {Snodgrass, Richard},
	 title = {The temporal query language TQuel},
	 booktitle = {Proceedings of the 3rd ACM SIGACT-SIGMOD symposium on Principles of database systems},
	 series = {PODS '84},
	 year = {1984},
	 isbn = {0-89791-128-8},
	 location = {Waterloo, Ontario, Canada},
	 pages = {204--213},
	 numpages = {10},
	 acmid = {588041},
	 publisher = {ACM},
	 address = {New York, NY, USA},
}

@INPROCEEDINGS{Nascimento95decisiontime,
		author = {Mario A. Nascimento and Margaret H. Eich},
		title = {Decision Time in Temporal Databases},
		booktitle = {In Proceedings of the Second International Workshop on Temporal Representation and Reasoning},
		year = {1995},
		pages = {157--162}
}

@book{Mel93,
 author = {Melton, Jim and Simon, Alan R.},
 title = {Understanding the new SQL: a complete guide},
 year = {1993},
 isbn = {1-55860-245-3},
 publisher = {Morgan Kaufmann Publishers Inc.},
 address = {San Francisco, CA, USA},
} 

@unpublished{Pon11,
author = { Pons, Jos\'e Enrique and Bronselaer, Antoon and De Tr\'e, Guy and Pons, Olga},
title= { Possibilistic evaluation of sets},
year = {2011},
note = {Submitted to International Journal of Uncertainty, Fuzziness and Knowledge-Based Systems}
}

