% This file was created with JabRef 2.7.2.
% Encoding: UTF-8

@ARTICLE{Allen83,
  author = {{James Frederick} Allen},
  title = {Maintaining Knowledge about Temporal Intervals},
  journal = {Communications of the ACM},
  year = {1983},
  volume = {26},
  pages = {832-843},
  acmid = {358434},
  address = {New York, U.S.A.},
  eissn = {1557-7317},
  issn = {0001-0782},
  issue = {11},
  keywords = {interval reasoning, interval representation, temporal interval},
  numpages = {12},
  publisher = {ACM}
}

@INPROCEEDINGS{655777,
  author = {B\"{o}hlen, {M.H.} and Busatto, R. and Jensen, {C.S.}},
  title = {Point-versus Interval-based Temporal Data Models},
  booktitle = {Proceedings of the 14th International Conference on Data Engineering},
  year = {1998},
  pages = {192-200},
  month = {feb},
  issn = {1063-6382}
}

@INPROCEEDINGS{Billiet:Pons:Matthe:DeTre:Pons:2011:BipolarFuzzy,
  author = {Billiet, Christophe and Pons, Jose Enrique and Matth\'e, Tom and
	De Tr\'e, Guy and Pons Capote, Olga},
  title = {Bipolar Fuzzy Querying of Temporal Databases},
  booktitle = {Lecture Notes in Artificial Intelligence},
  year = {2011},
  volume = {7022},
  pages = {60-71},
  address = {Ghent, Belgium},
  month = {Octobre},
  publisher = {Springer}
}

@ARTICLE{Bolour82,
  author = {Bolour, A. and Anderson, T. L. and Dekeyser, L. J. and Wong, H. K.
	T.},
  title = {The Role of Time in Information Processing: a Survey},
  journal = {ACM SIGMOD Record},
  year = {1982},
  volume = {12},
  pages = {27-50},
  month = {April},
  acmid = {984508},
  address = {New York, NY, U.S.A.},
  issn = {0163-5808},
  issue = {3},
  numpages = {24},
  publisher = {ACM}
}

@ARTICLE{Bosc2010a,
  author = {Bosc, P. and Pivert, O.},
  title = {Modeling and querying uncertain relational databases: A survey of
	approaches based on the possible worlds semantics},
  journal = {International Journal of Uncertainty, Fuzziness and Knowlege-Based
	Systems},
  year = {2010},
  volume = {18},
  pages = {565-603},
  number = {5}
}

@ARTICLE{Dekhtyar2001,
  author = {Dekhtyar, Alex et al.},
  title = {Probabilistic temporal databases, I: algebra},
  journal = {ACM Trans. Database Syst.},
  year = {2001},
  volume = {26},
  pages = {41--95},
  month = {March},
  acmid = {383736},
  address = {New York, NY, USA},
  issn = {0362-5915},
  issue = {1},
  numpages = {55},
  publisher = {ACM}
}

@ARTICLE{Dubois:jucs_9_9:fuzziness_and_uncertainty_in,
  author = {Didier Dubois and A. HadjAli and Henri Prade},
  title = {Fuzziness and Uncertainty in Temporal Reasoning},
  journal = {Journal of Universal Computer Science},
  year = {2003},
  volume = {9},
  pages = {1168--1194},
  number = {9},
  month = {jan}
}

@ARTICLE{Dubois89,
  author = {Didier Dubois and Henri Prade},
  title = {Processing Fuzzy Temporal Knowledge},
  journal = {Systems, Man and Cybernetics, IEEE Transactions on},
  year = {1989},
  volume = {19},
  pages = {729-744},
  month = {jul/aug},
  issn = {0018-9472},
  issue = {4}
}

@ARTICLE{Dubois88b,
  author = {Didier Dubois and Henri Prade},
  title = {Incomplete Conjunctive Information},
  journal = {Computers {\&} Mathematics with Applications},
  year = {1988},
  volume = {15},
  pages = {797-810},
  address = {Oxford, U.K.},
  issn = {0898-1221},
  issue = {10},
  numpages = {14},
  publisher = {Pergamon Press}
}

@BOOK{Dubois:Prade:1988:PossibilityTheory,
  title = {Possibility Theory: An Approach to Computerized Processing of Uncertainty},
  publisher = {Plenum Press},
  year = {1988},
  author = {Didier Dubois and Henri Prade},
  address = {New York}
}

@ARTICLE{Dubois1983,
  author = {Didier Dubois and Henri Prade},
  title = {Ranking Fuzzy Numbers in the Setting of Possibility Theory},
  journal = {Information Sciences},
  year = {1983},
  volume = {30},
  pages = {183-224},
  address = {52 Vanderbilt Ave., New York, U.S.A.},
  issn = {0020-0255},
  issue = {3},
  numpages = {42},
  publisher = {Elsevier Science Publishing Co. Inc.}
}

@ARTICLE{Dyreson1994,
  author = {Curtis Dyreson and Fabio Grandi and Wolfgang K\"afer and Nick Kline
	and Nikos Lorentzos and Yannis Mitsopoulos and Angelo Montanari and
	Daniel Nonen and Elisa Peressi and Barbara Pernici and {John F.}
	Roddick and {Nandlal L.} Sarda and {Maria Rita} Scalas and Arie Segev
	and {Richard Thomas} Snodgrass and {Mike D.} Soo and Abdullah Tansel
	and Paolo Tiberio and Gio Wiederhold},
  title = {A Consensus Glossary of Temporal Database Concepts},
  journal = {ACM SIGMOD Record},
  year = {1994},
  volume = {23},
  pages = {52-64},
  month = {March},
  acmid = {181560},
  address = {New York, NY, USA},
  issn = {0163-5808},
  issue = {1},
  numpages = {13},
  publisher = {ACM}
}

@INCOLLECTION{Gal98,
  author = {Galindo, Jos\rq{e} and Medina, Juan and Pons, Olga and Cubero, Juan},
  title = {A Server for Fuzzy SQL Queries},
  booktitle = {Flexible Query Answering Systems},
  publisher = {Springer Berlin / Heidelberg},
  year = {1998},
  editor = {Andreasen, Troels and Christiansen, Henning and Larsen, Henrik},
  volume = {1495},
  series = {Lecture Notes in Computer Science},
  pages = {164-174},
  isbn = {978-3-540-65082-9}
}

@ARTICLE{Garrido2009,
  author = {Garrido, Carmen and Mar\'{\i}n, Nicol\'{a}s and Pons, Olga},
  title = {Fuzzy Intervals To Represent Fuzzy Valid Time in a Temporal Relational
	Database},
  journal = {International Journal of Uncertainty, Fuzziness and Knowledge-Based
	Systems},
  year = {2009},
  volume = {17},
  pages = {173-192},
  number = {Supplementary Issue 1},
  issn = {0218-4885}
}

@INPROCEEDINGS{Jensen1995,
  author = {Christian S. Jensen and Richard T. Snodgrass and Michael D. Soo},
  title = {The TSQL2 Data Model},
  booktitle = {The TSQL2 Temporal Query Language},
  year = {1995},
  pages = {153--238},
  owner = {jose},
  timestamp = {2012.03.05}
}

@ARTICLE{Jensen91,
  author = {Jensen, {C. S.} and Mark, L. and Roussopoulos, N.},
  title = {Incremental Implementation Model for Relational Databases with Transaction
	Time},
  journal = {Knowledge and Data Engineering, IEEE Transactions on},
  year = {1991},
  volume = {3},
  pages = {461-473},
  month = {December},
  acmid = {627484},
  address = {Piscataway, NJ, USA},
  issn = {1041-4347},
  issue = {4},
  numpages = {13},
  publisher = {IEEE Educational Activities Department}
}

@MASTERSTHESIS{Lin97,
  author = {Hong Lin and {Christian S.} Jensen (codirector) and {Michael H.}
	Bohlen and Renato Busatto and Heidi Gregersen and Kristian Torp and
	{Richard T.} Snodgrass (codirector) and Anindya Datta and Sudha Ram},
  title = {Efficient Conversion Between Temporal Granularities},
  school = {The University of Arizona},
  year = {1997}
}

@ARTICLE{Medina94gefred.a,
  author = {{J.M.} Medina and Olga Pons and {J.C.} Cubero},
  title = {GEFRED. A Generalized Model of Fuzzy Relational Databases},
  journal = {Information Sciences},
  year = {1994},
  volume = {76},
  pages = {87-109},
  issue = {1-2}
}

@INPROCEEDINGS{Nascimento95,
  author = {{Mario A.} Nascimento and {Margaret H.} Eich},
  title = {Decision Time in Temporal Databases},
  booktitle = {Proceedings of the Second International Workshop on Temporal Representation
	and Reasoning},
  year = {1995},
  pages = {157-162}
}

@ARTICLE{ohlbach04,
  author = {{Hans J.} Ohlbach},
  title = {Relations Between Fuzzy Time Intervals},
  journal = {Temporal Representation and Reasoning, International Syposium on},
  year = {2004},
  volume = {0},
  pages = {44-51},
  address = {Los Alamitos, CA, USA},
  issn = {1530-1311},
  publisher = {IEEE Computer Society}
}

@INCOLLECTION{Parisi2010,
  author = {Francesco Parisi and et al.},
  title = {Scaling Cautious Selection in Spatial Probabilistic Temporal Databases},
  booktitle = {Methods for Handling Imperfect Spatial Information},
  publisher = {Springer},
  year = {2010},
  pages = {307-340}
}

@UNPUBLISHED{Pon11,
  author = { Pons, Jos\'e Enrique et al.},
  title = { Possibilistic Evaluation of Sets},
  note = {Submitted to the International Journal of Uncertainty, Fuzziness
	and Knowledge-Based Systems},
  year = {2011}
}

@ARTICLE{schockaert08,
  author = {Schockaert, S. and De Cock, M. and Kerre, E.E.},
  title = {Fuzzifying Allen's Temporal Interval Relations},
  journal = {Fuzzy Systems, IEEE Transactions on},
  year = {2008},
  volume = {16},
  pages = {517-533},
  number = {2},
  month = {april},
  issn = {1063-6706}
}

@INPROCEEDINGS{Snodgrass84,
  author = {Snodgrass, Richard},
  title = {The Temporal Query Language TQuel},
  booktitle = {Proceedings of the 3rd ACM SIGACT-SIGMOD Symposium on Principles
	of Database Systems},
  year = {1984},
  series = {PODS '84},
  pages = {204-213},
  address = {New York, NY, USA},
  publisher = {ACM},
  acmid = {588041},
  isbn = {0-89791-128-8},
  location = {Waterloo, Ontario, Canada},
  numpages = {10}
}

@INPROCEEDINGS{Cru97,
  author = {Van der Cruyssen, B. and De Caluwe, R. and De Tr\'{e}, G.},
  title = {A Theoretical Fuzzy Time Model Based on Granularities},
  booktitle = {Proceedings of the 5th European Congress on Intelligent Techniques
	and Soft Computing},
  year = {1997},
  pages = {1127-1131},
  month = {Sep},
  publisher = {ELITE Foundation}
}

@ARTICLE{zadeh65,
  author = {{Lotfi A.} Zadeh},
  title = {Fuzzy Sets},
  journal = {Information and Control},
  year = {1965},
  volume = {8},
  pages = {338-353},
  issn = {0019-9958},
  issue = {3},
  numpages = {16},
  publisher = {Academic Press}
}

@comment{jabref-meta: selector_review:}

@comment{jabref-meta: selector_publisher:}

@comment{jabref-meta: selector_author:}

@comment{jabref-meta: selector_journal:}

@comment{jabref-meta: selector_keywords:}

