% This file was created with JabRef 2.7.2.
% Encoding: UTF-8

@INBOOK{Bordogna2011,
  chapter = {Flexible Querying of Imperfect Temporal Metadata in Spatial Data
	Infraestructures: Techniques, Applications and
	
	Technologies},
  pages = {140},
  title = {Advanced Database Query Systems},
  publisher = {IGI Global},
  year = {2011},
  editor = {IGI Global},
  author = {Gloria Bordogna et al.},
  doi = {10.4018/978-1-60960-475-2.ch006},
  file = {:/home/jose/Documentos/fpi/TO-READ/bordogna2011.pdf:PDF},
  owner = {jose},
  timestamp = {2012.07.30}
}

@INPROCEEDINGS{vSkrbic2009,
  author = {\v{S}krbic, Srdan and Takaci, Aleksandar},
  title = {An Interpreter for Priority Fuzzy Logic Enriched SQL},
  booktitle = {BCI '09},
  year = {2009},
  pages = {96--100},
  address = {Washington, DC, USA},
  publisher = {IEEE Computer Society},
  acmid = {1673677},
  isbn = {978-0-7695-3783-2},
  keywords = {fuzzy database, pfsql, java, fuzzy jdbc},
  numpages = {5},
  owner = {jose},
  timestamp = {2012.03.05}
}

@ARTICLE{Abiteboul1991,
  author = {Serge Abiteboul and Paris Kanellakis and Gösta Grahne},
  title = {On the representation and querying of sets of possible worlds},
  journal = {Theoretical Computer Science},
  year = {1991},
  volume = {78},
  pages = {159 - 187},
  number = {1},
  doi = {10.1016/0304-3975(51)90007-2},
  file = {:/home/jose/Documentos/fpi/TO-READ/abiteoul1991.pdf:PDF},
  issn = {0304-3975},
  owner = {jose},
  timestamp = {2012.04.24},
  url = {\url{http://www.sciencedirect.com/science/article/pii/0304397551900072}}
}

@INCOLLECTION{Abiteboul2006,
  author = {Abiteboul, Serge and Senellart, Pierre},
  title = {Querying and Updating Probabilistic Information in XML},
  booktitle = {Advances in Database Technology - EDBT 2006},
  publisher = {Springer Berlin / Heidelberg},
  year = {2006},
  editor = {Ioannidis, Yannis and Scholl, Marc and Schmidt, Joachim and Matthes,
	Florian and Hatzopoulos, Mike and Boehm, Klemens and Kemper, Alfons
	and Grust, Torsten and Boehm, Christian},
  volume = {3896},
  series = {Lecture Notes in Computer Science},
  pages = {1059-1068},
  note = {10.1007/11687238\_62},
  affiliation = {INRIA Futurs & LRI, Université Paris-Sud, France},
  file = {:/home/jose/Documentos/fpi/TO-READ/Abiteoul2006.pdf:PDF},
  isbn = {978-3-540-32960-2},
  keyword = {Computer Science},
  owner = {jose},
  timestamp = {2012.04.24},
  url = {\url{http://dx.doi.org/10.1007/11687238_62}}
}

@ARTICLE{Allen1983,
  author = {Allen, J. F.},
  title = {Maintaining Knowledge About Temporal Intervals},
  journal = {Commun. ACM},
  year = {1983},
  volume = {26},
  pages = {832--843},
  acmid = {358434},
  address = {New York, NY, USA},
  issn = {0001-0782},
  issue = {11},
  keywords = {interval reasoning, interval representation, temporal interval},
  numpages = {12},
  owner = {jose},
  publisher = {ACM},
  timestamp = {2012.03.05}
}

@INPROCEEDINGS{Allen1985,
  author = {Allen, James F. and Hayes, Patrick J.},
  title = {A common-sense theory of time},
  booktitle = {Proceedings of the 9th international joint conference on Artificial
	intelligence - Volume 1},
  year = {1985},
  series = {IJCAI'85},
  pages = {528--531},
  address = {San Francisco, CA, USA},
  publisher = {Morgan Kaufmann Publishers Inc.},
  acmid = {1625236},
  isbn = {0-934613-02-8, 978-0-934-61302-6},
  location = {Los Angeles, California},
  numpages = {4},
  owner = {jose},
  timestamp = {2012.12.23},
  url = {http://dl.acm.org/citation.cfm?id=1625135.1625236}
}

@INPROCEEDINGS{Antova2007,
  author = {Antova, L. and Koch, C. and Olteanu, D.},
  title = {MayBMS: Managing Incomplete Information with Probabilistic World-Set
	Decompositions},
  booktitle = {Data Engineering, 2007. ICDE 2007. IEEE 23rd International Conference
	on},
  year = {2007},
  pages = {1479 -1480},
  month = {april},
  doi = {10.1109/ICDE.2007.369042},
  keywords = {MayBMS;PostgreSQL;SQL-like language;finite world-sets;information
	management;probabilistic world-set decompositions;query language;relational
	algebra queries;SQL;information management;query processing;relational
	algebra;},
  owner = {jose},
  timestamp = {2012.04.24}
}

@PHDTHESIS{AntwanVanSchooten1988,
  author = {{Antwan Van Schooten}},
  title = {Ontwerp en implementatie van een model voor de representatie en manipulatie
	van onzekerheid en imprecisie in databanken en expert systemen},
  school = {Ghent University},
  year = {1988},
  owner = {jose},
  timestamp = {2012.03.05}
}

@ARTICLE{Anvari1987,
  author = {M. Anvari and G. F. Rose},
  title = {Fuzzy relational databases},
  journal = {Analysis of Fuzzy Information},
  year = {1987},
  volume = {II},
  owner = {jose},
  timestamp = {2012.04.23}
}

@ARTICLE{Ariav1986,
  author = {Ariav, Gad},
  title = {A temporally oriented data model},
  journal = {ACM Trans. Database Syst.},
  year = {1986},
  volume = {11},
  pages = {499--527},
  month = {December},
  acmid = {7350},
  address = {New York, NY, USA},
  doi = {http://doi.acm.org/10.1145/7239.7350},
  issn = {0362-5915},
  issue = {4},
  numpages = {29},
  owner = {jose},
  publisher = {ACM},
  timestamp = {2012.03.05},
  url = {http://doi.acm.org/10.1145/7239.7350}
}

@ARTICLE{Atanassov1986,
  author = {Atanassov, Krassimir T.},
  title = {{Intuitionistic fuzzy sets}},
  journal = {Fuzzy Sets and Systems},
  year = {1986},
  volume = {20},
  pages = {87--96},
  file = {:home/jose/Documentos/fpi/TO-READ/bipolarity/FSS-20-1986-87-96.pdf:pdf},
  owner = {jose},
  timestamp = {2012.03.05}
}

@TECHREPORT{Bohlen1996,
  author = {M. H. B\"{o}hlen and C. S. Jensen},
  title = {Seamless Integration of Time into SQL},
  institution = {Aalborg University},
  year = {1996},
  file = {:/home/jose/Documentos/fpi/TO-READ/bohlen1996.pdf:PDF},
  owner = {jose},
  timestamp = {2012.07.31}
}

@ARTICLE{Barbara1992,
  author = {Barbara, D. and Garcia-Molina, H. and Porter, D.},
  title = {The management of probabilistic data},
  journal = {Knowledge and Data Engineering, IEEE Transactions on},
  year = {1992},
  volume = {4},
  pages = {487 -502},
  number = {5},
  month = {oct},
  doi = {10.1109/69.166990},
  file = {:/home/jose/Documentos/fpi/TO-READ/barbara1992.pdf:PDF},
  issn = {1041-4347},
  keywords = {data model;database representation;descriptive language;missing probabilities;partially
	specified probability distributions;probabilistic data management;relational
	operators;database theory;relational algebra;relational databases;},
  owner = {jose},
  timestamp = {2012.04.24}
}

@INCOLLECTION{Bassiri2009,
  author = {Bassiri, Anahid and Malek, Mohammad and Alesheikh, Ali and Amirian,
	Pouria},
  title = {Temporal Relationships between Rough Time Intervals},
  booktitle = {Computational Science and Its Applications – ICCSA 2009},
  publisher = {Springer Berlin / Heidelberg},
  year = {2009},
  editor = {Gervasi, Osvaldo and Taniar, David and Murgante, Beniamino and Laganà,
	Antonio and Mun, Youngsong and Gavrilova, Marina},
  volume = {5592},
  series = {Lecture Notes in Computer Science},
  pages = {543-552},
  affiliation = {Faculty of Geodesy and Geomatics Eng., K.N.Toosi University of Technology,
	Mirdamad Cross, Valiasr St., Tehran, Iran},
  file = {:/home/jose/Documentos/fpi/TO-READ/bassiri2009.pdf:PDF},
  isbn = {978-3-642-02453-5},
  keyword = {Computer Science},
  owner = {jose},
  timestamp = {2012.07.31},
  url = {\url{http://dx.doi.org/10.1007/978-3-642-02454-2_39}}
}

@PHDTHESIS{Ben-Zvi1982,
  author = {Ben-Zvi, Jacov},
  title = {The time relational model},
  year = {1982},
  order_no = {AAI8219638},
  owner = {jose},
  publisher = {University of California, Los Angeles},
  timestamp = {2012.03.05}
}

@BOOK{Benthem1982,
  title = {The Logic of Time: A Model-Theoretic Investigation into the Varieties
	of Temporal Ontology and Temporal Discourse.},
  publisher = {Reidel, Hingham, MA},
  year = {1982},
  author = {J. F. K. A. Van Benthem},
  owner = {jose},
  timestamp = {2012.03.05}
}

@ARTICLE{Bhargava1993,
  author = {Bhargava, G. and Gadia, S. K.},
  title = {Relational Database Systems with Zero Information Loss},
  journal = {IEEE Trans. on Knowl. and Data Eng.},
  year = {1993},
  volume = {5},
  pages = {76--87},
  month = {February},
  acmid = {642819},
  address = {Piscataway, NJ, USA},
  doi = {http://dx.doi.org/10.1109/69.204093},
  issn = {1041-4347},
  issue = {1},
  keywords = {data history store, database transactions, query store, relational
	database systems, relational databases, security of data, time stamping
	object values, transaction processing, transaction time, update store,
	zero information loss, zero information loss model},
  numpages = {12},
  owner = {jose},
  publisher = {IEEE Educational Activities Department},
  timestamp = {2012.03.05},
  url = {http://dx.doi.org/10.1109/69.204093}
}

@INCOLLECTION{Billiet2012,
  author = {Billiet, Christophe and Pons, Jos\'{e}Enrique and Pons Capote, Olga and
	Tr\'{e}, Guy},
  title = {Evaluating Possibilistic Valid-Time Queries},
  booktitle = {Advances on Computational Intelligence},
  publisher = {Springer Berlin Heidelberg},
  year = {2012},
  editor = {Greco, Salvatore and Bouchon-Meunier, Bernadette and Coletti, Giulianella
	and Fedrizzi, Mario and Matarazzo, Benedetto and Yager, RonaldR.},
  volume = {297},
  series = {Communications in Computer and Information Science},
  pages = {410-419},
  doi = {10.1007/978-3-642-31709-5_42},
  isbn = {978-3-642-31708-8},
  keywords = {valid-time database; uncertainty; ill-known intervals; uncertain temporal
	querying},
  owner = {jose},
  timestamp = {2012.12.23},
  url = {http://dx.doi.org/10.1007/978-3-642-31709-5_42}
}

@INPROCEEDINGS{Billiet2011,
  author = {Billiet, Christophe and Pons, Jose Enrique and Matth\'e, Tom and
	De Tr\'e, Guy and Pons Capote, Olga},
  title = {Bipolar Fuzzy Querying of Temporal Databases},
  booktitle = {Lecture Notes in Artificial Intelligence},
  year = {2011},
  volume = {7022},
  pages = {60-71},
  address = {Ghent, Belgium},
  month = {Octobre},
  publisher = {Springer},
  owner = {jose},
  timestamp = {2012.03.05}
}

@PHDTHESIS{Blanco2001,
  author = {Blanco, Ignacio},
  title = {Deducción en bases de datos relacionales difusas},
  school = {Universidad de Granada},
  year = {2001},
  __markedentry = {[jose:]},
  owner = {jose},
  timestamp = {2012.03.05}
}

@ARTICLE{Blum1981,
  author = {Blum, Robert L.},
  title = {Displaying clinical data from a time-oriented database},
  journal = {Comput. Biol. Med.},
  year = {1981},
  volume = {11},
  pages = {197--210},
  month = {January},
  acmid = {1672632},
  address = {Elmsford, NY, USA},
  doi = {http://dx.doi.org/10.1016/S0010-4825(81)80022-4},
  issn = {0010-4825},
  issue = {4},
  keywords = {Clinical database, Graphics Display, Scatter diagram, Schema, Time-oriented
	data},
  numpages = {14},
  owner = {jose},
  publisher = {Pergamon Press, Inc.},
  timestamp = {2012.03.05},
  url = {http://dx.doi.org/10.1016/S0010-4825(81)80022-4}
}

@INPROCEEDINGS{Bohlen1998,
  author = {Bohlen, M.H. and Busatto, R. and Jensen, C.S.},
  title = {Point-versus interval-based temporal data models},
  booktitle = {Data Engineering, 1998. Proceedings., 14th International Conference
	on},
  year = {1998},
  pages = {192 -200},
  month = feb,
  doi = {10.1109/ICDE.1998.655777},
  issn = {1063-6382},
  keywords = {attribute values;data items;database design;formal basis;interval
	based models;interval based temporal data models;point based temporal
	data models;query language properties;query languages;query optimization
	opportunities;query processing techniques;snapshot equivalent argument
	relations;snapshot equivalent relations;time fragment preservation;time
	varying information;timestamps;tuples;data structures;query languages;query
	processing;temporal databases;temporal logic;},
  owner = {jose},
  timestamp = {2012.03.05}
}

@ARTICLE{Bolour1982,
  author = {Bolour, A. and Anderson, T. L. and Dekeyser, L. J. and Wong, H. K.
	T.},
  title = {The Role of Time in Information Processing: a Survey},
  journal = {ACM SIGMOD Record},
  year = {1982},
  volume = {12},
  pages = {27-50},
  month = {April},
  acmid = {984508},
  address = {New York, NY, U.S.A.},
  issn = {0163-5808},
  issue = {3},
  numpages = {24},
  owner = {jose},
  publisher = {ACM},
  timestamp = {2012.03.05}
}

@INPROCEEDINGS{Bordogna2009,
  author = {Bordogna, Gloria and Carrara, Paola and Pagani, Marco and Pepe, Monica
	and Rampini, Anna},
  title = {Managing Imperfect Temporal Metadata in the Catalog services of Spatial
	Data Infrastructures Compliant with INSPIRE.},
  booktitle = {IFSA/EUSFLAT Conf.},
  year = {2009},
  editor = {Carvalho, João Paulo and Dubois, Didier and Kaymak, Uzay and da Costa
	Sousa, João Miguel},
  pages = {915-920},
  biburl = {http://www.bibsonomy.org/bibtex/22632c6a51c6030e23db3d520911f132a/dblp},
  date = {2009-12-16},
  description = {dblp},
  ee = {http://www.eusflat.org/publications/proceedings/IFSA-EUSFLAT_2009/pdf/tema_0915.pdf},
  file = {:/home/jose/Documentos/fpi/TO-READ/bordogna2009.pdf:PDF},
  interhash = {bc35861b44eeff38aa391a003cc7d535},
  intrahash = {2632c6a51c6030e23db3d520911f132a},
  isbn = {978-989-95079-6-8},
  keywords = {dblp},
  owner = {jose},
  timestamp = {2012.07.30},
  url = {http://dblp.uni-trier.de/db/conf/eusflat/eusflat2009.html#BordognaCPPR09}
}

@ARTICLE{Bosc1988,
  author = {Bosc, P. and Galibourg, M. and Hamon, G.},
  title = {Fuzzy querying with SQL: extensions and implementation aspects},
  journal = {Fuzzy Sets Syst.},
  year = {1988},
  volume = {28},
  pages = {333--349},
  month = {December},
  acmid = {56347},
  file = {:/home/jose/Documentos/fpi/TO-READ/bosc1988.pdf:PDF},
  issue = {3},
  numpages = {17},
  owner = {jose},
  publisher = {Elsevier Inc.},
  timestamp = {2012.03.05}
}

@ARTICLE{Bosc2005,
  author = {Patrick Bosc and Donald Kraft and Fred Petry},
  title = {Fuzzy sets in database and information systems: Status and opportunities},
  journal = {Fuzzy Sets and Systems},
  year = {2005},
  volume = {156},
  pages = {418 - 426},
  number = {3},
  note = {<ce:title>40th Anniversary of Fuzzy Sets</ce:title> <xocs:full-name>40th
	Anniversary of Fuzzy Sets</xocs:full-name>},
  doi = {10.1016/j.fss.2005.05.039},
  issn = {0165-0114},
  keywords = {Fuzzy databases},
  owner = {jose},
  timestamp = {2012.12.14},
  url = {http://www.sciencedirect.com/science/article/pii/S0165011405002897}
}

@ARTICLE{Bosc2012,
  author = {Patrick Bosc and Olivier Pivert},
  title = {On four noncommutative fuzzy connectives and their axiomatization},
  journal = {Fuzzy Sets and Systems},
  year = {2012},
  volume = {202},
  pages = {42 - 60},
  number = {0},
  note = {<ce:title>Theme: Aggregation Functions</ce:title>},
  doi = {10.1016/j.fss.2011.11.005},
  issn = {0165-0114},
  keywords = {Database querying},
  owner = {jose},
  timestamp = {2012.12.14},
  url = {http://www.sciencedirect.com/science/article/pii/S0165011411005136}
}

@INPROCEEDINGS{Bosc2011,
  author = {Bosc, Patrick and Pivert, Olivier},
  title = {On three fuzzy connectives for flexible data retrieval and their
	axiomatization},
  booktitle = {Proceedings of the 2011 ACM Symposium on Applied Computing},
  year = {2011},
  series = {SAC '11},
  pages = {1114--1118},
  address = {New York, NY, USA},
  publisher = {ACM},
  acmid = {1982431},
  doi = {10.1145/1982185.1982431},
  isbn = {978-1-4503-0113-8},
  keywords = {database querying, fuzzy connectives, preferences, twofold operators},
  location = {TaiChung, Taiwan},
  numpages = {5},
  owner = {jose},
  timestamp = {2012.12.14},
  url = {http://doi.acm.org/10.1145/1982185.1982431}
}

@ARTICLE{Bosc2010a,
  author = {Bosc, P. and Pivert, O.},
  title = {Modeling and querying uncertain relational databases: A survey of
	approaches based on the possible worlds semantics},
  journal = {International Journal of Uncertainty, Fuzziness and Knowlege-Based
	Systems},
  year = {2010},
  volume = {18},
  pages = {565-603},
  number = {5},
  note = {cited By (since 1996) 2},
  file = {:/home/jose/Documentos/fpi/TO-READ/bosc2010a.pdf:PDF},
  owner = {jose},
  timestamp = {2012.03.22},
  url = {http://www.scopus.com/inward/record.url?eid=2-s2.0-77956574559&partnerID=40&md5=02999d4328a480b69a649039b925c482}
}

@INPROCEEDINGS{Bosc2009a,
  author = {Bosc, P. and Pivert, O.},
  title = {On a possibilistic database model with incomplete possibility distributions},
  booktitle = {Fuzzy Information Processing Society, 2009. NAFIPS 2009. Annual Meeting
	of the North American},
  year = {2009},
  pages = {1 -6},
  month = {june},
  doi = {10.1109/NAFIPS.2009.5156410},
  file = {:/home/jose/Documentos/fpi/TO-READ/bosch2009a.pdf:PDF},
  keywords = {incomplete possibility distribution;possibilistic database model;representation
	system;data models;database theory;},
  owner = {jose},
  timestamp = {2012.03.22}
}

@ARTICLE{Bosc1995,
  author = {Bosc, P. and Pivert, O.},
  title = {SQLf: a relational database language for fuzzy querying},
  journal = {Fuzzy Systems, IEEE Transactions on},
  year = {1995},
  volume = {3},
  pages = {1 -17},
  number = {1},
  month = {feb},
  doi = {10.1109/91.366566},
  file = {:/home/jose/Documentos/fpi/TO-READ/bosch1995.pdf:PDF},
  issn = {1063-6706},
  keywords = {SQL;SQLf;database management systems;fuzzy aggregation operators;fuzzy
	querying;query language;relational database language;SQL;fuzzy logic;query
	languages;relational databases;},
  owner = {jose},
  timestamp = {2012.04.24}
}

@INPROCEEDINGS{Bosc1993,
  author = {Bosc, P. and Pivert, O.},
  title = {An approach for a hierarchical aggregation of fuzzy predicates},
  booktitle = {Fuzzy Systems, 1993., Second IEEE International Conference on},
  year = {1993},
  pages = {1231 -1236 vol.2},
  doi = {10.1109/FUZZY.1993.327568},
  keywords = {aggregative behaviors;fuzzy predicates;hierarchical aggregation;imprecise
	querying;mean;multicriterion aggregation operators;norm;database
	theory;fuzzy logic;query processing;},
  owner = {jose},
  timestamp = {2012.12.14}
}

@ARTICLE{Bosc1992,
  author = {Bosc, Patrick and Pivert, Olivier},
  title = {Some approaches for relational databases flexible querying},
  journal = {Journal of Intelligent Information Systems},
  year = {1992},
  volume = {1},
  pages = {323-354},
  doi = {10.1007/BF00962923},
  issn = {0925-9902},
  issue = {3-4},
  keywords = {relational databases; imprecise querying; discriminated answers; fuzzy
	sets; SQL query language},
  language = {English},
  owner = {jose},
  publisher = {Kluwer Academic Publishers},
  timestamp = {2012.12.14},
  url = {http://dx.doi.org/10.1007/BF00962923}
}

@ARTICLE{Bosc1994,
  author = {Bosc, P. and Pivert, O. and Farquhar, K.},
  title = {Integrating fuzzy queries into an existing database management system:
	An example},
  journal = {International Journal of Intelligent Systems},
  year = {1994},
  volume = {9},
  pages = {475--492},
  number = {5},
  owner = {jose},
  publisher = {Wiley Subscription Services},
  timestamp = {2012.03.05}
}

@INPROCEEDINGS{Bosc2010b,
  author = {Bosc, Patrick and Pivert, Olivier and Mokhtari, Amine and Li{\'e}tard,
	Ludovic},
  title = {Extending relational algebra to handle bipolarity},
  booktitle = {Proceedings of the 2010 ACM Symposium on Applied Computing},
  year = {2010},
  series = {SAC '10},
  pages = {1718--1722},
  address = {New York, NY, USA},
  publisher = {ACM},
  acmid = {1774456},
  doi = {10.1145/1774088.1774456},
  isbn = {978-1-60558-639-7},
  keywords = {bipolarity, database fuzzy querying, relational algebra},
  location = {Sierre, Switzerland},
  numpages = {5},
  owner = {jose},
  timestamp = {2012.12.14},
  url = {http://doi.acm.org/10.1145/1774088.1774456}
}

@INCOLLECTION{Bosc2009,
  author = {Bosc, Patrick and Pivert, Olivier and Prade, Henri},
  title = {A Model Based on Possibilistic Certainty Levels for Incomplete Databases},
  booktitle = {Scalable Uncertainty Management},
  publisher = {Springer Berlin / Heidelberg},
  year = {2009},
  editor = {Godo, Lluís and Pugliese, Andrea},
  volume = {5785},
  series = {Lecture Notes in Computer Science},
  pages = {80-94},
  note = {10.1007/978-3-642-04388-8_8},
  affiliation = {Irisa – Enssat, University of Rennes 1, Technopole Anticipa, 22305
	Lannion Cedex, France},
  file = {:/home/jose/Documentos/fpi/TO-READ/bosc2009.pdf:PDF},
  isbn = {978-3-642-04387-1},
  keyword = {Computer Science},
  owner = {jose},
  timestamp = {2012.03.22},
  url = {http://dx.doi.org/10.1007/978-3-642-04388-8_8}
}

@INPROCEEDINGS{Bosc2010,
  author = {Bosc, P. and Pivert, O. and Prade, H.},
  title = {An uncertain database model and a query algebra based on possibilistic
	certainty},
  booktitle = {Soft Computing and Pattern Recognition (SoCPaR), 2010 International
	Conference of},
  year = {2010},
  pages = {63 -68},
  month = {dec.},
  doi = {10.1109/SOCPAR.2010.5686430},
  file = {:/home/jose/Documentos/fpi/TO-READ/bosch2010.pdf:PDF},
  keywords = {data complexity;possibilistic certainty;possibility-theory-based model;query
	algebra;relational algebra;relational databases;uncertain attribute
	values;uncertain database model;possibility theory;relational algebra;relational
	databases;},
  owner = {jose},
  timestamp = {2012.03.22}
}

@INPROCEEDINGS{BrianGaines1975,
  author = {{Brian Gaines} AND {Ladislav Kohout}},
  title = {Possible automata},
  booktitle = {Proceedings of the International symposium on multiple-valued logic},
  year = {1975},
  pages = {183-196},
  address = {Bloomington, USA},
  owner = {jose},
  timestamp = {2012.03.05}
}

@ARTICLE{Buckles1984,
  author = {Billy P. Buckles and Frederick E. Petry},
  title = {Extending the fuzzy database with fuzzy numbers},
  journal = {Information Sciences},
  year = {1984},
  volume = {34},
  pages = {145 - 155},
  number = {2},
  owner = {jose},
  timestamp = {2012.03.05}
}

@ARTICLE{Buckles1984a,
  author = {Billy P. Buckles and Frederick E. Petry},
  title = {Extending the fuzzy database with fuzzy numbers},
  journal = {Information Sciences},
  year = {1984},
  volume = {34},
  pages = {145 - 155},
  number = {2},
  doi = {10.1016/0020-0255(84)90021-5},
  file = {:/home/jose/Documentos/fpi/TO-READ/buckles1984.pdf:PDF},
  issn = {0020-0255},
  owner = {jose},
  timestamp = {2012.04.23},
  url = {http://www.sciencedirect.com/science/article/pii/0020025584900215}
}

@ARTICLE{Buckles1982,
  author = {Billy P. Buckles and Frederick E. Petry},
  title = {A fuzzy representation of data for relational databases},
  journal = {Fuzzy Sets and Systems},
  year = {1982},
  volume = {7},
  pages = {213 - 226},
  number = {3},
  file = {:/home/jose/Documentos/fpi/TO-READ/buckles1982.pdf:PDF},
  keywords = {Fuzzy sets},
  owner = {jose},
  timestamp = {2012.03.05}
}

@INPROCEEDINGS{Burney2009,
  author = {Burney, Aqil and Mahmood, Nadeem and Abbas, Zainto},
  title = {Advances in fuzzy rough set theory for temporal databases},
  booktitle = {Proceedings of the 11th WSEAS international conference on Artificial
	Intelligence, Knowledge Engineering and Data Bases},
  year = {2009},
  series = {AIKED'12},
  pages = {237--242},
  address = {Stevens Point, Wisconsin, USA},
  publisher = {World Scientific and Engineering Academy and Society (WSEAS)},
  acmid = {2183107},
  file = {:/home/jose/Documentos/fpi/TO-READ/AIKED-37.pdf:PDF},
  isbn = {978-1-61804-068-8},
  keywords = {fuzzy rough temporal model, fuzzy set theory, imprecise data, rough
	set theory, temporal relational model},
  location = {Cambridge, UK},
  numpages = {6},
  owner = {jose},
  timestamp = {2012.07.30},
  url = {\url{http://dl.acm.org/citation.cfm?id=2183067.2183107}}
}

@INPROCEEDINGS{burney2010a,
  author = {Burney, Aqil and Mahmood, Nadeem and Ahsan, Kamran},
  title = {TempR-PDM: a conceptual temporal relational model for managing patient
	data},
  booktitle = {Proceedings of the 9th WSEAS international conference on Artificial
	intelligence, knowledge engineering and data bases},
  year = {2010},
  series = {AIKED'10},
  pages = {237--243},
  address = {Stevens Point, Wisconsin, USA},
  publisher = {World Scientific and Engineering Academy and Society (WSEAS)},
  acmid = {1808078},
  file = {:/home/jose/Documentos/fpi/TO-READ/burney2010a.pdf:PDF},
  isbn = {978-960-474-154-0},
  keywords = {health care management, ontology, relational database, temporal relational
	model, temporal semantics},
  location = {UK},
  numpages = {7},
  owner = {jose},
  timestamp = {2012.07.31},
  url = {\url{http://dl.acm.org/citation.cfm?id=1808036.1808078}}
}

@ARTICLE{burney2010b,
  author = {Burney, Aqil and Mahmood, Nadeem and Jilani, Tahseen and Saleem,
	Hussain},
  title = {Conceptual fuzzy temporal relational model (FTRM) for patient data},
  journal = {WSEAS Trans. Info. Sci. and App.},
  year = {2010},
  volume = {7},
  pages = {725--734},
  number = {5},
  month = may,
  acmid = {1852546},
  address = {Stevens Point, Wisconsin, USA},
  file = {:/home/jose/Documentos/fpi/TO-READ/burney2010b.pdf:PDF},
  issn = {1790-0832},
  issue_date = {May 2010},
  keywords = {fuzzy attributes, fuzzy data, fuzzy temporal model, ontology, relational
	model, time varying data},
  numpages = {10},
  owner = {jose},
  publisher = {World Scientific and Engineering Academy and Society (WSEAS)},
  timestamp = {2012.07.31},
  url = {\url{http://dl.acm.org/citation.cfm?id=1852534.1852546}}
}

@INPROCEEDINGS{Cavallo1987,
  author = {Roger Cavallo and Michael Pittarelli},
  title = {The Theory of Probabilistic Databases},
  booktitle = {Proc. 13th Int. Conf. Very Large Databases (VLDB'87)},
  year = {1987},
  pages = {71-81},
  file = {:/home/jose/Documentos/fpi/TO-READ/cavallo1987.pdf:PDF},
  owner = {jose},
  timestamp = {2012.04.24}
}

@ARTICLE{Chakravarthy1994,
  author = {Sharma Chakravarthy and Seung-Kyum Kim},
  title = {Resolution of time concepts in temporal databases},
  journal = {Information Sciences},
  year = {1994},
  volume = {80},
  pages = {91 - 125},
  number = {1–2},
  doi = {10.1016/0020-0255(94)90059-0},
  file = {:/home/jose/Documentos/fpi/TO-READ/Chakravarthy1994.ps:PostScript},
  issn = {0020-0255},
  owner = {jose},
  timestamp = {2012.04.15},
  url = {http://www.sciencedirect.com/science/article/pii/0020025594900590}
}

@ARTICLE{Chaudhry1999,
  author = {Nauman Chaudhry and James Moyne and Elke A. Rundensteiner},
  title = {An extended database design methodology for uncertain data management},
  journal = {Information Sciences},
  year = {1999},
  volume = {121},
  pages = {83 - 112},
  number = {1–2},
  doi = {10.1016/S0020-0255(99)00066-3},
  file = {:/home/jose/Documentos/fpi/TO-READ/chaudhry1999.pdf:PDF},
  issn = {0020-0255},
  keywords = {Fuzzy information},
  owner = {jose},
  timestamp = {2012.07.31},
  url = {http://www.sciencedirect.com/science/article/pii/S0020025599000663}
}

@ARTICLE{Choquet1953,
  author = {Gustave Choquet},
  title = {Theory of capacities},
  journal = {Annales de l'Institut Fourier},
  year = {1953},
  volume = {5},
  pages = {131-295},
  owner = {jose},
  timestamp = {2012.03.05}
}

@ARTICLE{Chountas2000,
  author = {Chountas, P. and Petrounias, I.},
  title = {Modelling and Representation of Uncertain Temporal Information},
  journal = {Requirements Engineering},
  year = {2000},
  volume = {5},
  pages = {144-156},
  note = {10.1007/s007660070006},
  __markedentry = {[jose:6]},
  affiliation = {UMIST, Manchester, UK GB},
  file = {:/home/jose/Documentos/fpi/TO-READ/Modelling and representation of uncertain temporal information.pdf:PDF},
  issn = {0947-3602},
  issue = {3},
  keyword = {Computer Science},
  owner = {jose},
  publisher = {Springer London},
  timestamp = {2012.03.07},
  url = {http://dx.doi.org/10.1007/s007660070006}
}

@PHDTHESIS{Chuen-singYeung1986,
  author = {Chuen-sing Yeung, B.S.},
  title = {Query languages for a heterogeneous temporal database},
  school = {Texas Tech University},
  year = {1986},
  owner = {jose},
  timestamp = {2012.03.05}
}

@ARTICLE{Clifford1982,
  author = {James Clifford},
  title = {A model for historical databases},
  journal = {NYU Working paper},
  year = {1982},
  month = {11},
  owner = {jose},
  timestamp = {2012.03.05}
}

@INPROCEEDINGS{Clifford1987,
  author = {Clifford, James and Croker, Albert},
  title = {The Historical Relational Data Model (HRDM) and Algebra Based on
	Lifespans},
  booktitle = {Proceedings of the Third International Conference on Data Engineering},
  year = {1987},
  pages = {528--537},
  address = {Washington, DC, USA},
  publisher = {IEEE Computer Society},
  acmid = {653241},
  isbn = {0-8186-0762-9},
  numpages = {10},
  owner = {jose},
  timestamp = {2012.03.05},
  url = {http://portal.acm.org/citation.cfm?id=645472.653241}
}

@ARTICLE{Clifford1985,
  author = {Clifford, James and Tansel, Abdullah Uz},
  title = {On an algebra for historical relational databases: two views},
  journal = {SIGMOD Rec.},
  year = {1985},
  volume = {14},
  pages = {247--265},
  month = {May},
  acmid = {318922},
  address = {New York, NY, USA},
  doi = {http://doi.acm.org/10.1145/971699.318922},
  issn = {0163-5808},
  issue = {4},
  numpages = {19},
  owner = {jose},
  publisher = {ACM},
  timestamp = {2012.03.05},
  url = {http://doi.acm.org/10.1145/971699.318922}
}

@ARTICLE{Clifford1983,
  author = {Clifford, James and Warren, David S.},
  title = {Formal semantics for time in databases},
  journal = {ACM Trans. Database Syst.},
  year = {1983},
  volume = {8},
  pages = {214--254},
  month = {June},
  acmid = {319986},
  address = {New York, NY, USA},
  doi = {http://doi.acm.org/10.1145/319983.319986},
  issn = {0362-5915},
  issue = {2},
  keywords = {entity-relationship model, historical databases, intensional logic,
	relational database, temporal semantics},
  numpages = {41},
  owner = {jose},
  publisher = {ACM},
  timestamp = {2012.03.05},
  url = {http://doi.acm.org/10.1145/319983.319986}
}

@ARTICLE{Codd1979,
  author = {E. F. Codd},
  title = {Extending the database relational model to capture more meaning},
  journal = {ACM Transactions on Database Systems},
  year = {1979},
  volume = {4},
  pages = {397-434},
  file = {:/home/jose/Documentos/fpi/TO-READ/codd1979.pdf:PDF},
  owner = {jose},
  timestamp = {2012.04.23}
}

@ARTICLE{Codd1970,
  author = {Codd, E. F.},
  title = {A relational model of data for large shared data banks},
  journal = {Commun. ACM},
  year = {1970},
  volume = {13},
  pages = {377--387},
  number = {6},
  month = jun,
  acmid = {362685},
  address = {New York, NY, USA},
  doi = {10.1145/362384.362685},
  file = {:/home/jose/Documentos/fpi/TO-READ/codd1970.pdf:PDF},
  issn = {0001-0782},
  issue_date = {June 1970},
  keywords = {composition, consistency, data bank, data base, data integrity, data
	organization, data structure, derivability, hierarchies of data,
	join, networks of data, predicate calculus, redundancy, relations,
	retrieval language, security},
  numpages = {11},
  owner = {jose},
  publisher = {ACM},
  timestamp = {2012.04.23},
  url = {http://doi.acm.org/10.1145/362384.362685}
}

@MISC{jbossejb,
  author = {JBoss Comunity},
  title = {Enterprise Java Beans (EJB) 3.0},
  howpublished = {\url{http://www.jboss.org/ejb3}},
  organization = {JBoss},
  url = {\url{http://www.jboss.org/ejb3}},
  owner = {jose},
  timestamp = {2012.11.20}
}

@MISC{Corp.,
  author = {Oracle Corp.},
  title = {Oracle Database 11g. Workspace Manager Overview.},
  owner = {jose},
  timestamp = {2012.03.05}
}

@MISC{jdbc2012,
  author = {Oracle Corp.},
  title = {Java SE Technologies - Database},
  organization = {Oracle Corporation},
  note = {Accessed Nov. 2012.},
  url = {\url{http://www.oracle.com/technetwork/java/javase/jdbc/index.html}},
howpublished = {\url{http://www.oracle.com/technetwork/java/javase/jdbc/index.html}},
  owner = {jose},
  timestamp = {2012.11.19}
}

@MISC{jta2012,
  author = {Oracle Corp.},
  title = {Java Transaction API (JTA)},
  organization = {Oracle Corporation.},
  note = {Accessed Nov. 2012},
  url = {\url{http://www.oracle.com/technetwork/java/javaee/jta/index.html}},
howpublished = {\url{http://www.oracle.com/technetwork/java/javaee/jta/index.html}},
  owner = {jose},
  timestamp = {2012.11.19}
}

@MISC{qbc,
  author = {Oracle Corp.},
  title = {Using the Criteria API to Create Queries},
  howpublished = {\url{http://docs.oracle.com/javaee/6/tutorial/doc/gjitv.html}},
  organization = {Oracle Corp.},
  url = {\url{http://docs.oracle.com/javaee/6/tutorial/doc/gjitv.html}},
  owner = {jose},
  timestamp = {2012.11.21}
}

@ARTICLE{DeCalmes2003,
  author = {De Calm\`{e}s, Martine and Dubois, Didier and Hullermeier, Eyke and
	Prade, Henri and Sedes, Florence},
  title = {Flexibility and fuzzy case-based evaluation in querying: an illustration
	in an experimental setting},
  journal = {Int. J. Uncertain. Fuzziness Knowl.-Based Syst.},
  year = {2003},
  volume = {11},
  pages = {43--66},
  number = {1},
  month = feb,
  acmid = {763783},
  address = {River Edge, NJ, USA},
  doi = {10.1142/S0218488503001941},
  issn = {0218-4885},
  issue_date = {February 2003},
  keywords = {case-based prediction, flexible querying, fuzzy sets, querying by
	examples},
  numpages = {24},
  owner = {jose},
  publisher = {World Scientific Publishing Co., Inc.},
  timestamp = {2012.12.14},
  url = {http://dx.doi.org/10.1142/S0218488503001941}
}

@INBOOK{DeCaluwe2000,
  pages = {67--88},
  title = {Time management in fuzzy and uncertain object-oriented databases},
  publisher = {Physica-Verlag},
  year = {2000},
  author = {De Caluwe, Rita and De Tr\'e, Guy and Van Der Cruyssen, Bart and
	Devos, Filip and Maesfranckx, Patricia},
  volume = {39},
  series = {Knowledge management in fuzzy databases},
  isbn = {9783790812558},
  language = {eng},
  owner = {jose},
  timestamp = {2012.06.20}
}

@ARTICLE{DeCaluwe1999,
  author = {De Caluwe, Rita and Devos, Filip and Maesfranckx, Patricia and De
	Tré, Guy and Van Der Cruyssen, Bart},
  title = {The Semantics and Modelling of Flexible Time Indications.},
  journal = {Computing with Words in Information / Intelligent Systems},
  year = {1999},
  volume = {1: Foundations},
  pages = {229-256},
  institution = {Ghent University Academic Bibliography [http://archive.ugent.be/oai/]
	(Belgium)},
  keywords = {Technology and Engineering},
  location = {http://www.scientificcommons.org/41252800},
  owner = {jose},
  publisher = {Springer/Physica-Verlag},
  timestamp = {2012.12.23},
  url = {http://hdl.handle.net/1854/LU-117595}
}

@INBOOK{DeCaluwe1997,
  pages = {163--185},
  title = {Fuzzy time indications in natural languages interfaces},
  publisher = {Kluwer Academic Publishers},
  year = {1997},
  author = {De Caluwe, R. and Van der Cruyssen, B. and De Tr\'{e}, G. and Devos,
	F. and Maesfranckx, P.},
  address = {Norwell, MA, USA},
  acmid = {285516},
  book = {Flexible query answering systems},
  isbn = {0-7923-8001-0},
  numpages = {23},
  owner = {jose},
  timestamp = {2012.03.05}
}

@INPROCEEDINGS{DeTre2012,
  author = {De Tr\'e, Guy and Bronselaer, Antoon and Billiet, Christophe and
	Qiang, Yi and Van de Weghe, Nico and De Maeyer, Philippe and Pons,
	Jos\'e{} Enrique and Pons, Olga},
  title = {Visualising and handling uncertain time intervals in a two-dimensional
	triangular space},
  booktitle = {The 2nd world conference on soft computing : proceedings},
  year = {2012},
  pages = {585--592},
  isbn = {9789952452372},
  language = {eng},
  location = {Baku, Azerbaijan},
  owner = {jose},
  timestamp = {2013.02.27}
}

@INPROCEEDINGS{DeTre2005,
  author = {De Tr\'{e}, Guy and  Rita De Caluwe and  Janusz Kacprzyk and Slawomir
	Zadrozny},
  title = {On flexible database querying via extensions to fuzzy sets},
  booktitle = {Proc. of Joint EUSFLAT-LFA 2005},
  year = {2005},
  owner = {jose},
  timestamp = {2012.12.14}
}

@ARTICLE{DeTre1997,
  author = {De Tr\'{e}, G. and De Caluwe, R. and Van der Cruyssen, B. },
  title = {Dealing with time in fuzzy and uncertain object-oriented database
	models},
  journal = {EUFIT'97},
  year = {1997},
  pages = {1157--1161},
  month = {Sep},
  owner = {jose},
  publisher = {ELITE Foundation},
  timestamp = {2012.03.05}
}

@INPROCEEDINGS{DeTre2009,
  author = {{De Tr\'{e}}, Guy and Zadrozny, et al.},
  title = {{Dealing with Positive and Negative Query Criteria in Fuzzy Database
	Querying Bipolar Satisfaction Degrees}},
  booktitle = {Proceedings of 8th Int. Conf. FQAS},
  year = {2009},
  pages = {593--604},
  address = {Denmark},
  publisher = {Springer Verlag Berlin},
  abstract = {When expressing their information needs in a (database) query, users
	sometimes prefer to state what has to be rejected rather than what
	has to be accepted. In general, what has to be rejected is not necessarily
	the complement of what has to be accepted. This phenomenon is commonly
	known as the heterogeneous bipolar nature of expressing information
	needs. Satisfaction degrees in regular fuzzy querying approaches
	are based on the â€˜symmetricâ€™ assumption that the extent to which
	a database record respectively satisfies and does not satisfy a given
	query are complements of each other and are therefore less suited
	to adequately handle heterogeneous bipolarity in query specifications
	and query processing. In this paper we present a bipolar query satisfaction
	modelling framework which is based on couples that consist of an
	independent degree of satisfaction and degree of dissatisfaction.
	The use and advantages of the framework are illustrated in the context
	of fuzzy query evaluation in regular relational databases. More specifically,
	the evaluation of heterogeneous bipolar queries that contain both
	positive and negative criteria is studied.},
  owner = {jose},
  timestamp = {2012.03.05}
}

@INPROCEEDINGS{DeTre1997a,
  author = {De Tre, G. and De Caluwe, R. and Van Der Cruyssen, B. and Van Gyseghem,
	N.},
  title = {Towards temporal fuzzy and uncertain object-oriented database management
	systems},
  booktitle = {Fuzzy Information Processing Society, 1997. NAFIPS '97., 1997 Annual
	Meeting of the North American},
  year = {1997},
  pages = {68 -72},
  month = sep,
  keywords = { data integrity; fuzzy logic; natural languages; object oriented time
	model; temporal fuzzy database; time modeling; uncertain object-oriented
	database; uncertainty handling; data integrity; database theory;
	fuzzy logic; natural languages; object-oriented databases; temporal
	databases; temporal logic; uncertainty handling;},
  owner = {jose},
  timestamp = {2012.03.05}
}

@ARTICLE{Dekhtyar2001,
  author = {Dekhtyar, Alex and Ross, Robert and Subrahmanian, V. S.},
  title = {Probabilistic temporal databases, I: algebra},
  journal = {ACM Trans. Database Syst.},
  year = {2001},
  volume = {26},
  pages = {41--95},
  month = {March},
  acmid = {383736},
  address = {New York, NY, USA},
  issn = {0362-5915},
  issue = {1},
  numpages = {55},
  owner = {jose},
  publisher = {ACM},
  timestamp = {2012.03.05}
}

@TECHREPORT{DengfengGao2002,
  author = {Dengfeng Gao and  Christian S. Jensen and Richard T. Snodgrass and Michael D. Soo},
  title = {Join Operations in Temporal Databases},
  institution = {TimeCenter},
  year = {2002},
  owner = {jose},
  timestamp = {2012.09.10}
}

@ARTICLE{Devos1998,
  author = {Devos, F. and Maesfranckx, P. and De Tr\'e, Guy},
  title = {Granularity in the interpretation of Around in approximative lexical
	time indications},
  journal = {Journal of Quantitative Linguistics},
  year = {1998},
  volume = {5},
  pages = {167--173},
  owner = {jose},
  publisher = {Routledge},
  timestamp = {2012.03.05}
}

@ARTICLE{Devos1994,
  author = {Devos,F. and Van Gyseghem,N. and Vandenberghe,R. and De Caluwe,R.},
  title = {Modelling Vague Lexical Time Expressions by Means of Fuzzy Set Theory},
  journal = {Journal of Quantitative Linguistics},
  year = {1994},
  volume = {1},
  pages = {189-194},
  number = {3},
  owner = {jose},
  timestamp = {2012.03.05}
}

@ARTICLE{Dey1996,
  author = {Dey, Debabrata and Sarkar, Sumit},
  title = {A probabilistic relational model and algebra},
  journal = {ACM Trans. Database Syst.},
  year = {1996},
  volume = {21},
  pages = {339--369},
  number = {3},
  month = sep,
  acmid = {232796},
  address = {New York, NY, USA},
  doi = {10.1145/232753.232796},
  file = {:/home/jose/Documentos/fpi/TO-READ/Dey1996.pdf:PDF},
  issn = {0362-5915},
  issue_date = {Sept. 1996},
  keywords = {data incompleteness, data uncertainty, probabilistic relation, probability
	calculus, relational algebra, relational model},
  numpages = {31},
  owner = {jose},
  publisher = {ACM},
  timestamp = {2012.03.14},
  url = {http://doi.acm.org/10.1145/232753.232796}
}

@INBOOK{DidierDubois2009,
  chapter = {Formal representations of uncertainty},
  pages = {85-156},
  title = {Decision-making Process: Concepts and Methods},
  publisher = {Wiley},
  year = {2009},
  editor = {{Denis Bouyssou} and {Didier Dubois} and {Marc Pirlot} and {Henri
	Prade}},
  author = {{Didier Dubois} and {Henri Prade}},
  booktitle = {{Decision-making: Concepts and Methods}},
  owner = {jose},
  timestamp = {2012.03.05}
}

@INBOOK{DidierDubois2009a,
  chapter = {Formal representations of uncertainty},
  pages = {85-156},
  title = {Decision-making: Concepts and Methods},
  publisher = {Wiley},
  year = {2009},
  author = {{Didier Dubois} and {Henri Prade}},
  owner = {jose},
  timestamp = {2012.03.05}
}

@ARTICLE{DidierDubois1997,
  author = {{Didier Dubois} and {Henri Prade}},
  title = {The three semantics of fuzzy sets},
  journal = {Fuzzy Sets and Systems},
  year = {1997},
  volume = {90},
  pages = {141-150},
  number = {2},
  owner = {jose},
  timestamp = {2012.03.05}
}

@BOOK{DidierDubois1988a,
  title = {Possibility Theory},
  publisher = {Plenum Press},
  year = {1988},
  author = {{Didier Dubois} and {Henri Prade}},
  owner = {jose},
  timestamp = {2012.03.05}
}

@INPROCEEDINGS{Dieker2000,
  author = {Dieker, Stefan and G\"{u}ting, Ralf Hartmut},
  title = {Plug and Play with Query Algebras: SECONDO-A Generic DBMS Development
	Environment},
  booktitle = {Proceedings of the 2000 International Symposium on Database Engineering
	\& Applications},
  year = {2000},
  series = {IDEAS '00},
  pages = {380--392},
  address = {Washington, DC, USA},
  publisher = {IEEE Computer Society},
  acmid = {686903},
  file = {:/home/jose/Documentos/fpi/TO-READ/Dieker2000.pdf:PDF},
  isbn = {0-7695-0789-1},
  keywords = {SECONDO, algebra modules, data definitions, data models, database
	management systems, database systems implementation, extensibility,
	extensible query processing, extensible system architecture, generic
	DBMS development environment, operators, plug-and-play, query algebras,
	query language definitions, query languages, second-order signature,
	support functions, system frame, system functionality, type constructors,
	type registration, user commands},
  numpages = {13},
  owner = {jose},
  timestamp = {2012.03.14},
  url = {http://dl.acm.org/citation.cfm?id=646289.686903}
}

@BOOK{Doggett1992,
  title = {Calendars: Explanatory supplement to the astronomical almanac},
  year = {1992},
  editor = {P.Kenneth Seidelmann},
  author = {L.E. Doggett},
  pages = {606},
  chapter = {12},
  owner = {jose},
  timestamp = {2012.03.05},
  url = {http://astro.nmsu.edu/~lhuber/leaphist.html}
}

@ARTICLE{Dubois2003,
  author = {Didier Dubois and A. HadjAli and Henri Prade},
  title = {Fuzziness and Uncertainty in Temporal Reasoning},
  journal = {Journal of Universal Computer Science},
  year = {2003},
  volume = {9},
  pages = {1168--1194},
  number = {9},
  month = {jan},
  owner = {jose},
  timestamp = {2012.03.05}
}

@ARTICLE{Dubois2003a,
  author = {D. Dubois and A. HadjAli and H. Prade},
  title = {Fuzziness and Uncertainty in Temporal Reasoning},
  journal = {j-jucs},
  year = {2003},
  volume = {9},
  pages = {1168--1194},
  number = {9},
  month = {1},
  owner = {jose},
  timestamp = {2012.03.05}
}

@INCOLLECTION{Dubois1997,
  author = {Dubois, Didier and Prade, Henri},
  title = {Flexible query answering systems},
  publisher = {Kluwer Academic Publishers},
  year = {1997},
  editor = {Andreasen, Troels and Christiansen, Henning and Larsen, Henrik Legind},
  chapter = {Using fuzzy sets in flexible querying: why and how?},
  pages = {45--60},
  address = {Norwell, MA, USA},
  acmid = {285510},
  isbn = {0-7923-8001-0},
  numpages = {16},
  owner = {jose},
  timestamp = {2012.12.14},
  url = {http://dl.acm.org/citation.cfm?id=285506.285510}
}

@ARTICLE{Dubois2012,
  author = {Didier Dubois and Henri Prade},
  title = {Gradualness, uncertainty and bipolarity: Making sense of fuzzy sets},
  journal = {Fuzzy Sets and Systems},
  year = {2012},
  volume = {192},
  pages = {3 - 24},
  number = {0},
  note = {<ce:title>Fuzzy Set Theory — Where Do We Stand and Where Do We Go?</ce:title>},
  doi = {10.1016/j.fss.2010.11.007},
  issn = {0165-0114},
  keywords = {Higher-order fuzzy sets},
  owner = {jose},
  timestamp = {2012.12.15},
  url = {http://www.sciencedirect.com/science/article/pii/S0165011410004598}
}

@INBOOK{Dubois2008,
  chapter = {Handling bipolar queries in Fuzzy Information Processing},
  pages = {97--114},
  title = {Handbook of Research on Fuzzy Information Processing in Databases},
  publisher = {Information Science Reference},
  year = {2008},
  author = {Didier Dubois and Henri Prade},
  address = {New York, USA},
  owner = {jose},
  timestamp = {2012.03.05}
}

@INBOOK{Dubois2006,
  chapter = {Bipolar Representations in Reasoning, Knowledge Extraction and Decision
	Processes},
  pages = {15--26},
  title = {Rough Sets and Current Trends in Computing},
  publisher = {Springer},
  year = {2006},
  author = {Didier Dubois and Henri Prade},
  volume = {4259},
  series = {Lecture Notes in Computer Science},
  address = {Heidelberg, Germany},
  owner = {jose},
  timestamp = {2012.03.05}
}

@INPROCEEDINGS{Dubois2005,
  author = {Didier Dubois and Henri Prade},
  title = {Interval-valued fuzzy sets, possibility theory and imprecise probability},
  booktitle = {In Proceedings of International Conference in Fuzzy Logic and Technology},
  year = {2005},
  pages = {314--319},
  owner = {jose},
  timestamp = {2012.03.05}
}

@INPROCEEDINGS{Dubois2002,
  author = {Dubois, Didier and Prade, Henri},
  title = {Bipolarity in Flexible Querying},
  booktitle = {Proceedings of the 5th International Conference on Flexible Query
	Answering Systems},
  year = {2002},
  series = {FQAS '02},
  pages = {174--182},
  address = {London, UK, UK},
  publisher = {Springer-Verlag},
  acmid = {652292},
  isbn = {3-540-00074-7},
  numpages = {9},
  owner = {jose},
  timestamp = {2012.03.05}
}

@ARTICLE{DuBois1989,
  author = {Didier DuBois and Henri Prade},
  title = {Processing fuzzy temporal knowledge},
  journal = {IEEE Transactions on Systems, Man, and Cybernetics},
  year = {1989},
  volume = {19},
  pages = {729--744},
  doi = {10.1109/21.35337},
  masid = {1160174},
  owner = {jose},
  timestamp = {2012.03.05}
}

@ARTICLE{Dubois1988,
  author = {Didier Dubois and Henri Prade},
  title = {Incomplete Conjunctive Information},
  journal = {Computers {\&} Mathematics with Applications},
  year = {1988},
  volume = {15},
  pages = {797-810},
  address = {Oxford, U.K.},
  issn = {0898-1221},
  issue = {10},
  numpages = {14},
  owner = {jose},
  publisher = {Pergamon Press},
  timestamp = {2012.03.05}
}

@BOOK{Dubois1988a,
  title = {Possibility Theory: An Approach to Computerized Processing of Uncertainty},
  publisher = {Plenum Press},
  year = {1988},
  author = {Didier Dubois and Henri Prade},
  address = {New York},
  owner = {jose},
  timestamp = {2012.03.05}
}

@ARTICLE{Dubois1983,
  author = {Didier Dubois and Henri Prade},
  title = {Ranking Fuzzy Numbers in the Setting of Possibility Theory},
  journal = {Information Sciences},
  year = {1983},
  volume = {30},
  pages = {183-224},
  address = {52 Vanderbilt Ave., New York, U.S.A.},
  issn = {0020-0255},
  issue = {3},
  numpages = {42},
  owner = {jose},
  publisher = {Elsevier Science Publishing Co. Inc.},
  timestamp = {2012.03.05}
}

@ARTICLE{Dubois1983a,
  author = {Dubois, Didier and Prade, Henri},
  title = {{Ranking fuzzy Numbers in the Setting of Possibility Theory}},
  journal = {Information Sciences},
  year = {1983},
  volume = {224},
  pages = {183--224},
  owner = {jose},
  timestamp = {2012.03.05}
}

@INPROCEEDINGS{Dutta1988,
  author = {Dutta, S.},
  title = {An event based fuzzy temporal logic},
  booktitle = {Multiple-Valued Logic, 1988., Proceedings of the Eighteenth International
	Symposium on},
  year = {1988},
  pages = {64 -71},
  month = {0-0 },
  owner = {jose},
  timestamp = {2012.06.20}
}

@ARTICLE{Dyreson1994,
  author = {Dyreson, C. and Grandi, F. et al.},
  title = {A Consensus Glossary of Temporal Database Concepts},
  journal = {SIGMOD Rec.},
  year = {1994},
  volume = {23},
  pages = {52--64},
  acmid = {181560},
  address = {New York, NY, USA},
  issn = {0163-5808},
  issue = {1},
  numpages = {13},
  owner = {jose},
  publisher = {ACM},
  timestamp = {2012.03.05}
}

@ARTICLE{Dyreson1998,
  author = {Dyreson, Curtis E. and Snodgrass, Richard Thomas},
  title = {Supporting valid-time indeterminacy},
  journal = {ACM Trans. Database Syst.},
  year = {1998},
  volume = {23},
  pages = {1--57},
  month = {March},
  acmid = {288087},
  address = {New York, NY, USA},
  issn = {0362-5915},
  issue = {1},
  keywords = {SQL, TSQL2, incomplete information, indeterminacy, probabilistic information,
	temporal dtabase, valid-time database},
  numpages = {57},
  owner = {jose},
  publisher = {ACM},
  timestamp = {2012.03.05}
}

@TECHREPORT{Dyreson1994a,
  author = {{C.E.} Dyreson and {R.T.} Snodgrass},
  title = {Temporal Granularity and Indeterminacy: Two Sides of the Same Coin},
  institution = {Computer Science Department, University of Arizona},
  year = {1994},
  type = {Technical Report TR 94-06},
  address = {Tucson, U.S.A},
  month = {Febuary},
  owner = {jose},
  timestamp = {2012.03.05}
}

@INPROCEEDINGS{Etzion1992,
  author = {Etzion, O. and Gal. A and A. Segev.},
  title = {Temporal Support in active databases},
  booktitle = {Proceedings of the Workshop on Information Technologies and Systems
	(WITS)},
  year = {1992},
  pages = {245-254},
  month = {Deccember},
  owner = {jose},
  timestamp = {2012.04.15}
}

@BOOK{Etzion1998,
  title = {Temporal databases: research and practice},
  publisher = {Springer},
  year = {1998},
  author = {Etzion, O. and Jajodia, S. and Sripada, S.},
  series = {Lecture notes in computer science},
  isbn = {9783540645191},
  lccn = {98007667},
  owner = {jose},
  timestamp = {2012.03.05}
}

@PHDTHESIS{F.P.Brooks1956,
  author = {F.P.Brooks},
  title = {The Analytic Design of automatic data processing systems},
  school = {Harvard University},
  year = {1956},
  owner = {jose},
  timestamp = {2012.03.05}
}

@ARTICLE{Finetti1937,
  author = {Bruno De Finetti},
  title = {La pr\'evision : ses lois logiques, ses sources subjectives},
  journal = {Ann. Inst. Poincar\'e},
  year = {1937},
  volume = {7},
  pages = {1-68},
  owner = {jose},
  timestamp = {2012.03.05}
}

@MISC{fiordi2005,
  author = {Luciano Fiordi},
  title = {Semantic Conceptions of Information.},
  howpublished = {The Standford Encyclopedia of Philosophy, \url{http://plato.stanford.edu/entries/information-semantic/}},
  year = {2005},
  owner = {jose},
  timestamp = {2012.06.11}
}

@ARTICLE{Fliegel1968,
  author = {Fliegel, Henry F. and van Flandern, Thomas C.},
  title = {Letters to the editor: a machine algorithm for processing calendar
	dates},
  journal = {Commun. ACM},
  year = {1968},
  volume = {11},
  pages = {657--},
  month = {October},
  acmid = {364097},
  address = {New York, NY, USA},
  doi = {http://doi.acm.org/10.1145/364096.364097},
  issn = {0001-0782},
  issue = {10},
  keywords = {Fortran statement function, Gregorian calendar, Gregorian date, Julian
	calendar, Julian date, arithmetic statement function, calendar date,
	calendars, continuous day count, function, time interval},
  owner = {jose},
  publisher = {ACM},
  timestamp = {2012.03.05},
  url = {http://doi.acm.org/10.1145/364096.364097}
}

@ARTICLE{Freksa1992,
  author = {Freksa, Christian},
  title = {Temporal reasoning based on semi-intervals},
  journal = {Artif. Intell.},
  year = {1992},
  volume = {54},
  pages = {199--227},
  number = {1-2},
  month = mar,
  acmid = {130596},
  address = {Essex, UK},
  doi = {10.1016/0004-3702(92)90090-K},
  issn = {0004-3702},
  issue_date = {March 1992},
  numpages = {29},
  owner = {jose},
  publisher = {Elsevier Science Publishers Ltd.},
  timestamp = {2012.12.23},
  url = {http://dx.doi.org/10.1016/0004-3702(92)90090-K}
}

@MISC{Guting,
  author = {Ralf Hartmut G\"uting and Markus Schneider},
  title = {Moving Objects Databases},
  address = {Hagen, Germany},
  file = {:/home/jose/Documentos/fpi/TO-READ/KE1.pdf:PDF},
  organization = {FernUniversität},
  owner = {jose},
  timestamp = {2012.03.14},
  url = {http://dna.fernuni-hagen.de/Lehre-offen/Kurse/1675/KE1.pdf}
}

@ARTICLE{Gadia1988a,
  author = {Gadia, Shashi K.},
  title = {A homogeneous relational model and query languages for temporal databases},
  journal = {ACM Trans. Database Syst.},
  year = {1988},
  volume = {13},
  pages = {418--448},
  month = {October},
  acmid = {50065},
  address = {New York, NY, USA},
  doi = {http://doi.acm.org/10.1145/49346.50065},
  issn = {0362-5915},
  issue = {4},
  numpages = {31},
  owner = {jose},
  publisher = {ACM},
  timestamp = {2012.03.05},
  url = {http://doi.acm.org/10.1145/49346.50065}
}

@INPROCEEDINGS{Gadia1986,
  author = {Gadia, Shashi K.},
  title = {Toward a Multihomogeneous Model for a Temporal Database},
  booktitle = {Proceedings of the Second International Conference on Data Engineering},
  year = {1986},
  pages = {390--397},
  address = {Washington, DC, USA},
  publisher = {IEEE Computer Society},
  acmid = {655410},
  isbn = {0-8186-0655-X},
  numpages = {8},
  owner = {jose},
  timestamp = {2012.03.05},
  url = {http://portal.acm.org/citation.cfm?id=645471.655410}
}

@INPROCEEDINGS{Gadia1985,
  author = {Gadia, Shashi K. and Vaishnav, Jay H.},
  title = {A query language for a homogeneous temporal database},
  booktitle = {Proceedings of the fourth ACM SIGACT-SIGMOD symposium on Principles
	of database systems},
  year = {1985},
  series = {PODS '85},
  pages = {51--56},
  address = {New York, NY, USA},
  publisher = {ACM},
  acmid = {325412},
  doi = {http://doi.acm.org/10.1145/325405.325412},
  isbn = {0-89791-153-9},
  location = {Portland, Oregon, United States},
  numpages = {6},
  owner = {jose},
  timestamp = {2012.03.05},
  url = {http://doi.acm.org/10.1145/325405.325412}
}

@ARTICLE{Gadia1988,
  author = {Gadia, Shashi K. and Yeung, Chuen-Sing},
  title = {A generalized model for a relational temporal database},
  journal = {SIGMOD Rec.},
  year = {1988},
  volume = {17},
  pages = {251--259},
  month = {June},
  acmid = {50233},
  address = {New York, NY, USA},
  doi = {http://doi.acm.org/10.1145/971701.50233},
  issn = {0163-5808},
  issue = {3},
  numpages = {9},
  owner = {jose},
  publisher = {ACM},
  timestamp = {2012.03.05},
  url = {http://doi.acm.org/10.1145/971701.50233}
}

@MISC{Gadia.1992,
  author = {S. K. Gadia.},
  title = {A Seamless Generic Extension of SQL for Querying Temporal Data},
  month = {05},
  year = {1992},
  owner = {jose},
  timestamp = {2012.03.05}
}

@BOOK{Galindo2006,
  title = {Fuzzy Databases: Modeling, Design, and Implementation},
  publisher = {IGI Publishing},
  year = {2006},
  author = {Galindo, Jose},
  address = {Hershey, PA, USA},
  isbn = {159140326X},
  owner = {jose},
  timestamp = {2012.03.05}
}

@INPROCEEDINGS{Galindo2005,
  author = {Galindo, Jos{\'e}},
  title = {New characteristics in FSQL, a fuzzy SQL for fuzzy databases},
  booktitle = {Proceedings of the 4th WSEAS International Conference on Artificial
	Intelligence, Knowledge Engineering Data Bases},
  year = {2005},
  series = {AIKED'05},
  pages = {4:1--4:9},
  address = {Stevens Point, Wisconsin, USA},
  publisher = {World Scientific and Engineering Academy and Society (WSEAS)},
  acmid = {1363646},
  articleno = {4},
  isbn = {960-8457-09-2},
  keywords = {FSQL, fuzzy SQL, fuzzy comparators, fuzzy queries, fuzzy relational
	databases},
  location = {Salzburg, Austria},
  numpages = {9},
  owner = {jose},
  timestamp = {2012.04.24},
  url = {http://dl.acm.org/citation.cfm?id=1363642.1363646}
}

@PHDTHESIS{Galindo1999,
  author = {Galindo, J.},
  title = {Tratamiento de la imprecisión en bases de datos relacionales. Extensión
	del modelo y adpatación de los SGBD actuales.},
  school = {Universidad de Granada},
  year = {1999},
  __markedentry = {[jose:]},
  owner = {jose},
  timestamp = {2012.03.05}
}

@ARTICLE{Galindo2002,
  author = {José Galindo and M.Carmen Aranda and Jose L. Caro and Antonio Guevara
	and Andres Aguayo},
  title = {Applying fuzzy databases and FSQL to the management of rural accommodation},
  journal = {Tourism management},
  year = {2002},
  volume = {23},
  pages = {623- -629},
  __markedentry = {[jose:]},
  owner = {jose},
  timestamp = {2012.03.05}
}

@INPROCEEDINGS{Galindo1998,
  author = {Galindo, Jos\rq{e} and Medina, Juan and Pons, Olga and Cubero, Juan},
  title = {A Server for Fuzzy SQL Queries},
  booktitle = {Flexible Query Answering Systems},
  year = {1998},
  editor = {Andreasen, Troels and Christiansen, Henning and Larsen, Henrik},
  volume = {1495},
  series = {Lecture Notes in Computer Science},
  pages = {164-174},
  publisher = {Springer Berlin / Heidelberg},
  isbn = {978-3-540-65082-9},
  owner = {jose},
  timestamp = {2012.03.05}
}

@ARTICLE{Galindo1998c,
  author = {José Galindo and J.M. Medina and Olga Pons and J.C. Cubero},
  title = {A server for Fuzzy SQL queries},
  journal = {Flexible query answering systems, lecture notes in artificial intelligence
	(LNAI)},
  year = {1998},
  volume = {1495},
  pages = {87- -109},
  __markedentry = {[jose:]},
  owner = {jose},
  timestamp = {2012.03.05}
}

@INPROCEEDINGS{Galindo2001,
  author = {Galindo, J. and Medina, J. M.},
  title = {FTSQL2: Fuzzy Time in Relational Databases},
  booktitle = {EUSFLAT Conf. '01},
  year = {2001},
  pages = {47--50},
  owner = {jose},
  timestamp = {2012.03.05}
}

@ARTICLE{Galton1990,
  author = {Antony Galton},
  title = {A critical examination of Allen's theory of action and time},
  journal = {Artificial Intelligence},
  year = {1990},
  volume = {42},
  pages = {159 - 188},
  number = {2–3},
  doi = {10.1016/0004-3702(90)90053-3},
  issn = {0004-3702},
  owner = {jose},
  timestamp = {2012.12.23},
  url = {http://www.sciencedirect.com/science/article/pii/0004370290900533}
}

@MISC{Gambis,
  author = {Daniel Gambis},
  title = {The leap second},
  howpublished = {http://hpiers.obspm.fr/eop-pc/earthor/utc/leapsecond.html},
  organization = {INTERNATIONAL EARTH ROTATION AND REFERENCE SYSTEMS SERVICE (IERS)},
  owner = {jose},
  timestamp = {2012.03.05}
}

@ARTICLE{Garrido2009b,
  author = {Garrido, Carmen and Mar\'{\i}n, Nicol\'{a}s and Pons, Olga},
  title = {{Fuzzy Intervals To Represent Fuzzy Valid Time in a Temporal Relational
	Database}},
  journal = {International Journal of Uncertainty, Fuzziness and Knowledge-Based
	Systems},
  year = {2009},
  volume = {17},
  pages = {173},
  number = {Supp},
  doi = {10.1142/S021848850900608X},
  file = {:home/jose/Documentos/fpi/documentsTos/articulos sobre tiempo/fuzzy temporal/fuzzy intervals to represent fuzzy time.pdf:pdf},
  issn = {0218-4885},
  keywords = {data manipulation,fuzzy data,fuzzy interval,temporal database},
  owner = {jose},
  timestamp = {2012.03.05},
  url = {http://www.worldscinet.com/ijufks/17/17supp01/S021848850900608X.html}
}

@ARTICLE{Garrido2009c,
  author = {Garrido, Carmen and Mar\'{\i}n, Nicol\'{a}s and Pons, Olga},
  title = {Fuzzy Intervals To Represent Fuzzy Valid Time in a Temporal Relational
	Database},
  journal = {International Journal of Uncertainty, Fuzziness and Knowledge-Based
	Systems},
  year = {2009},
  volume = {17},
  pages = {173-192},
  number = {Supplementary Issue 1},
  issn = {0218-4885},
  owner = {jose},
  timestamp = {2012.03.05}
}

@ARTICLE{Garrido2009,
  author = {Garrido, C. and Marin, N. and Pons, O.},
  title = {Fuzzy Intervals to Represent Fuzzy Valid Time in a Temporal Relational
	Database},
  journal = {Int. J. Uncertainty Fuzziness Knowlege-Based Syst.},
  year = {2009},
  volume = {17},
  pages = {173--192},
  issue = {suppl. 1},
  owner = {jose},
  timestamp = {2012.03.05}
}

@ARTICLE{Garrido2009a,
  author = {Garrido,C. and Marin,N. and Pons,O.},
  title = {Fuzzy intervals to represent fuzzy valid time in a temporal relational
	database},
  journal = {International Journal of Uncertainty, Fuzziness and Knowlege-Based
	Systems},
  year = {2009},
  volume = {17},
  pages = {173-192},
  number = {SUPPL. 1},
  owner = {jose},
  timestamp = {2012.03.05},
  url = {www.scopus.com}
}

@ARTICLE{GertDeCooman1997,
  author = {{Gert De Cooman}},
  title = {Possibility theory 3: Possibilistic independence},
  journal = {International Journal of General Systems},
  year = {1997},
  volume = {25},
  pages = {353-371},
  number = {4},
  owner = {jose},
  timestamp = {2012.03.05}
}

@ARTICLE{GertDeCooman1997a,
  author = {{Gert De Cooman}},
  title = {Possibility theory 2: Conditional possibility},
  journal = {International Journal of General Systems},
  year = {1997},
  volume = {25},
  pages = {325-351},
  number = {4},
  owner = {jose},
  timestamp = {2012.03.05}
}

@ARTICLE{GertDeCooman1997b,
  author = {{Gert De Cooman}},
  title = {Possibility theory 1: The measure- and integral-theoretic groundwork},
  journal = {International Journal of General Systems},
  year = {1997},
  volume = {25},
  pages = {291-323},
  number = {4},
  owner = {jose},
  timestamp = {2012.03.05}
}

@MISC{GertDeCooman1995,
  author = {{Gert De Cooman}},
  title = {Towards a possibilistic logic. In: Fuzzy Set Theory and Advanced
	Mathematical Applications, edited by Da Ruan, Kluwer Academic, pp.
	89--133, Boston.},
  year = {1995},
  owner = {jose},
  timestamp = {2012.03.05}
}

@ARTICLE{Grant1977,
  author = {John Grant},
  title = {Null Values in a Relational Data Base},
  journal = {Inf. Process. Lett.},
  year = {1977},
  volume = {5},
  pages = {156-157},
  number = {5},
  doi = {10.1016/0020-0190(77)90013-8},
  owner = {jose},
  timestamp = {2012.04.23}
}

@ARTICLE{Grattan-Guinness1976,
  author = {Grattan-Guinness, I.},
  title = {Fuzzy Membership Mapped onto Intervals and Many-Valued Quantities},
  journal = {Mathematical Logic Quarterly},
  year = {1976},
  volume = {22},
  pages = {149--160},
  number = {1},
  issn = {1521-3870},
  owner = {jose},
  publisher = {WILEY-VCH Verlag Berlin GmbH},
  timestamp = {2012.03.05}
}

@ARTICLE{Haddawy1996,
  author = {Peter Haddawy},
  title = {Believing Change and Changing Belief},
  journal = {IEEE Transactions on Systems, Man, and Cybernetics Special Issue
	on Higher-Order Uncertainty},
  year = {1996},
  volume = {26},
  file = {:/home/jose/Documentos/fpi/TO-READ/Haddawy1996.pdf:PDF},
  owner = {jose},
  timestamp = {2012.03.14}
}

@INPROCEEDINGS{HenriPrade1982,
  author = {{Henri Prade}},
  title = {Possibility sets, fuzzy sets and their relation to Lukasiewicz logic},
  booktitle = {Proceedings of the International Symposium on Multiple-Valued Logic},
  year = {1982},
  pages = {223-227},
  owner = {jose},
  timestamp = {2012.03.05}
}

@MISC{fetchingstrategies,
  author = {Hibernate},
  title = {Fetching strategies},
  howpublished = {\url{http://docs.jboss.org/hibernate/orm/4.1/manual/en-US/html_single/\#performance-fetching}},
  organization = {Hibernate, JBoss Comunity},
  url = {\url{http://docs.jboss.org/hibernate/orm/4.1/manual/en-US/html_single/\#performance-fetching}},
  owner = {jose},
  timestamp = {2012.11.21}
}

@MISC{hibernatequery,
  author = {Hibernate},
  title = {HQL: The Hibernate Query Language},
  howpublished = {\url{http://docs.jboss.org/hibernate/orm/3.3/reference/en/html/queryhql.html}},
  organization = {Hibernate JBoss Comunity},
  url = {\url{http://docs.jboss.org/hibernate/orm/3.3/reference/en/html/queryhql.html}},
  owner = {jose},
  timestamp = {2012.11.21}
}

@ARTICLE{HungNguyen1979,
  author = {Hung Nguyen},
  title = {Some mathematical tools for linguistic probabilities},
  journal = {Fuzzy Sets and Systems},
  year = {1979},
  volume = {2},
  pages = {53-65},
  owner = {jose},
  timestamp = {2012.03.05}
}

@MISC{Husfeld1996,
  author = { Husfeld,D. and Kronberg, C.},
  title = {Astronomical Time Keeping},
  howpublished = {\url{http://www.maa.mhn.de/Scholar/times.html}},
  year = {1996},
  owner = {jose},
  timestamp = {2012.03.05}
}

@ARTICLE{Imielinski1984,
  author = {Imieli\'{n}ski, Tomasz and Lipski,Jr., Witold},
  title = {Incomplete Information in Relational Databases},
  journal = {J. ACM},
  year = {1984},
  volume = {31},
  pages = {761--791},
  number = {4},
  month = sep,
  acmid = {1886},
  address = {New York, NY, USA},
  doi = {10.1145/1634.1886},
  file = {:/home/jose/Documentos/fpi/TO-READ/imielinski1984.pdf:PDF},
  issn = {0004-5411},
  issue_date = {Oct. 1984},
  numpages = {31},
  owner = {jose},
  publisher = {ACM},
  timestamp = {2012.03.21},
  url = {http://doi.acm.org/10.1145/1634.1886}
}

@ARTICLE{Jahn1975,
  author = {Jahn, K.-U.},
  title = {Intervall-wertige Mengen},
  journal = {Mathematische Nachrichten},
  year = {1975},
  volume = {68},
  pages = {115--132},
  number = {1},
  issn = {1522-2616},
  owner = {jose},
  publisher = {WILEY-VCH Verlag},
  timestamp = {2012.03.05}
}

@MISC{Jensen1997,
  author = {Christian S. Jensen and Copyright C Fl and S. Jensen and Richard
	T. Snodgrass and Richard T. Snodgrass and Michael H. Bohlen and Renato
	Busatto and Heidi Gregersen and Christian S. Jensen (codirector and
	Kristian Torp and Hong Lin and Richard T. Snodgrass (codirector},
  title = {Semantics of Time-Varying Attributes and Their Use for Temporal Database
	Design},
  year = {1997},
  owner = {jose},
  timestamp = {2012.03.05}
}

@ARTICLE{Jensen1991,
  author = {Jensen, C. S. and Mark, L. and Roussopoulos, N.},
  title = {Incremental Implementation Model for Relational Databases with Transaction
	Time},
  journal = {IEEE Trans. Knowl. Data Eng.},
  year = {1991},
  volume = {3},
  pages = {461--473},
  acmid = {627484},
  address = {Piscataway, NJ, USA},
  issn = {1041-4347},
  issue = {4},
  keywords = {data retrieval, database theory, decremental computations, deferred
	update, differential computation, historical data, incremental computations,
	partitioned storage models, queries, relational data model, relational
	databases, stored views, transaction time, view materialization},
  numpages = {13},
  owner = {jose},
  publisher = {IEEE Educational Activities Department},
  timestamp = {2012.03.05}
}

@ARTICLE{Jensen1991a,
  author = {Jensen, C. S. and Mark, L. and Roussopoulos, N.},
  title = {Incremental Implementation Model for Relational Databases with Transaction
	Time},
  journal = {IEEE Trans. on Knowl. and Data Eng.},
  year = {1991},
  volume = {3},
  pages = {461--473},
  month = {December},
  acmid = {627484},
  address = {Piscataway, NJ, USA},
  issn = {1041-4347},
  issue = {4},
  keywords = {data retrieval, database theory, decremental computations, deferred
	update, differential computation, historical data, incremental computations,
	partitioned storage models, queries, relational data model, relational
	databases, stored views, transaction time, view materialization},
  numpages = {13},
  owner = {jose},
  publisher = {IEEE Educational Activities Department},
  timestamp = {2012.03.05}
}

@ARTICLE{Jensen1999,
  author = {Christian S. Jensen and Richard T. Snodgrass},
  title = {Temporal Data Management},
  journal = {IEEE Transactions on Knowledge and Data Engineering},
  year = {1999},
  volume = {11},
  pages = {36-44},
  address = {Los Alamitos, CA, USA},
  doi = {http://doi.ieeecomputersociety.org/10.1109/69.755613},
  file = {:/home/jose/Documentos/fpi/TO-READ/jensen1999.ps:PostScript},
  issn = {1041-4347},
  owner = {jose},
  publisher = {IEEE Computer Society},
  timestamp = {2012.07.30}
}

@INPROCEEDINGS{Jensen1995,
  author = {Christian S. Jensen and Richard T. Snodgrass and Michael D. Soo},
  title = {The TSQL2 Data Model},
  booktitle = {The TSQL2 Temporal Query Language},
  year = {1995},
  pages = {153--238},
  owner = {jose},
  timestamp = {2012.03.05}
}

@MISC{Jensen1994,
  author = {Christian S. Jensen and Richard T. Snodgrass and Michael D. Soo},
  title = {The TSQL2 Data Model},
  year = {1994},
  owner = {jose},
  timestamp = {2012.03.05}
}

@INPROCEEDINGS{Jensen1998,
  author = {{Christian S.} Jensen and {Curtis E.} Dyreson and Michael B\"{o}hlen
	and James Clifford and Ramez Elmasri and {Shashi K.} Gadia and Fabio
	Grandi and et al.},
  title = {The Consensus Glossary of Temporal Database Concepts - February 1998
	Version},
  booktitle = {Lecture Notes in Computer Science},
  year = {1998},
  pages = {367 - 405},
  owner = {jose},
  timestamp = {2012.03.05}
}

@INPROCEEDINGS{JoseEnriquePons2012,
  author = {Jos\'e Enrique Pons and  Christophe Billiet and  Olga Pons and Guy de Tr\'{e}},
  title = {A possibilistic Valid-time Model},
  booktitle = {Proceedings of the 14th International Conference on Information Processing
	and Management of Uncertainty on Knowledge-Based Systems},
  year = {2012},
  owner = {jose},
  timestamp = {2012.04.10}
}

@ARTICLE{Joses1979,
  author = {Joses, S.P. Manson and R.Stamper},
  title = {LEGOL 2.0: A Relational Specification Language for Complex Rules},
  journal = {Information Systems},
  year = {1979},
  volume = {4},
  pages = {293- -305},
  month = {11},
  owner = {jose},
  timestamp = {2012.03.05}
}

@INPROCEEDINGS{Kabanza1990,
  author = {F. Kabanza and J-m. Stevenne and P. Wolper},
  title = {Handling Infinite Temporal Data},
  booktitle = {Journal of Computer and System Sciences},
  year = {1990},
  pages = {392--403},
  file = {:/home/jose/Documentos/fpi/TO-READ/Kabanza1990.pdf:PDF},
  owner = {jose},
  timestamp = {2012.03.14}
}

@INBOOK{Kacprzyk1995,
  chapter = {FQUERY for Access: Fuzzy querying for windows-based DBMS},
  pages = {415-433},
  title = {Fuzziness in database management systems},
  publisher = {Physica-Verlag},
  year = {1995},
  editor = {Heidelberg, Germany},
  author = {Kacprzyk, J and Zadrozny, S.},
  owner = {jose},
  timestamp = {2012.12.15}
}

@ARTICLE{Kacprzyk1989,
  author = {Janusz Kacprzyk and Sławomir Zadrożny and Andrzej Ziołkowski},
  title = {FQUERY III+: A “human-consistent” database querying system based
	on fuzzy logic with linguistic quantifiers},
  journal = {Information Systems},
  year = {1989},
  volume = {14},
  pages = {443 - 453},
  number = {6},
  note = {<ce:title>Fuzzy Databases</ce:title>},
  doi = {10.1016/0306-4379(89)90012-4},
  file = {:/home/jose/Documentos/fpi/TO-READ/kacprzyk1989.pdf:PDF},
  issn = {0306-4379},
  keywords = {Database querying},
  owner = {jose},
  timestamp = {2012.04.23},
  url = {http://www.sciencedirect.com/science/article/pii/0306437989900124}
}

@ARTICLE{Kacprzyk1986,
  author = {Kacprzyk, J and Zi\'{o}lkowski, A},
  title = {Database queries with fuzzy linguistic quantifiers},
  journal = {IEEE Trans. Syst. Man Cybern.},
  year = {1986},
  volume = {16},
  pages = {474--479},
  month = {May},
  issn = {0018-9472},
  issue = {3},
  numpages = {6},
  owner = {jose},
  publisher = {IEEE Press},
  timestamp = {2012.03.05}
}

@MISC{Katch,
  author = {Gary Katch},
  title = {Date calculation algorithms},
  howpublished = {Web},
  owner = {jose},
  timestamp = {2012.03.05},
  url = {http://alcor.concordia.ca/~gpkatch/gdate-algorithm.html}
}

@INPROCEEDINGS{Keulen2005,
  author = {van Keulen, M. and de Keijzer, A. and Alink, W.},
  title = {A probabilistic XML approach to data integration},
  booktitle = {Data Engineering, 2005. ICDE 2005. Proceedings. 21st International
	Conference on},
  year = {2005},
  pages = { 459 - 470},
  month = {april},
  doi = {10.1109/ICDE.2005.11},
  file = {:/home/jose/Documentos/fpi/TO-READ/keulen2006.pdf:PDF},
  issn = {1084-4627},
  keywords = { XML data integration; XML documents; ambient environment; data exchange;
	data management system; mobile environment; probabilistic XML DBMS;
	query logical semantics; subtrees; XML; query processing; relational
	databases;},
  owner = {jose},
  timestamp = {2012.04.24}
}

@MASTERSTHESIS{Kimball1978,
  author = {K.A. Kimball},
  title = {The data system},
  school = {Pennsylvania},
  year = {1978},
  owner = {jose},
  timestamp = {2012.03.05}
}

@MANUAL{King,
  title = {Hibernate Reference Documentation},
  author = {Gavin King and Christian Bauer and Max Rydahl Andersen and Emmanuel
	Bernard and Steve Ebersole and Hardy Ferentschik},
  edition = {3.6.0.CR2},
  note = {\url{http://www.hibernate.org/docs}},
  owner = {jose},
  timestamp = {2012.03.05},
  url = {\url{http://www.hibernate.org/docs}}
}

@BOOK{Klein1994,
  title = {Time in Language},
  publisher = {Routledge},
  year = {1994},
  author = {Wolfgang Klein},
  address = {London, U.K.},
  owner = {jose},
  timestamp = {2012.03.05}
}

@INPROCEEDINGS{Klopprogge1983,
  author = {Klopprogge, Manfred R. and Lockemann, Peter C.},
  title = {Modelling Information Preserving Databases: Consequences of the Concept
	of Time},
  booktitle = {Proceedings of the 9th International Conference on Very Large Data
	Bases},
  year = {1983},
  pages = {399--416},
  address = {San Francisco, CA, USA},
  publisher = {Morgan Kaufmann Publishers Inc.},
  acmid = {673615},
  isbn = {0-934613-15-X},
  numpages = {18},
  owner = {jose},
  timestamp = {2012.03.05}
}

@ARTICLE{Knight1993,
  author = {Knight, B. and Ma, J.},
  title = {Time representation: A taxonomy of temporal models},
  journal = {Artificial Intelligence Review},
  year = {1993},
  volume = {7},
  pages = {401-419},
  note = {10.1007/BF00849933},
  issn = {0269-2821},
  issue = {6},
  keyword = {Computer Science},
  owner = {jose},
  publisher = {Springer Netherlands},
  timestamp = {2012.03.05},
  url = {http://dx.doi.org/10.1007/BF00849933}
}

@BOOK{Kolmogorov1933,
  title = {Grundbegriffe der Wahrscheinlichkeitsrechnung},
  publisher = {Berlin: Julius Springer},
  year = {1933},
  author = {Andrey Kolmogorov},
  owner = {jose},
  timestamp = {2012.03.05}
}

@TECHREPORT{Kraus1997,
  author = {Kraus, Sarit and Sagiv, Yehoshua and Subrahmanian, V. S.},
  title = {Representing and integrating multiple calendars},
  institution = {University of Maryland at College Park},
  year = {1997},
  address = {College Park, MD, USA},
  owner = {jose},
  source = {Report No. UMIACS-TR-97-12},
  timestamp = {2012.03.05}
}

@MISC{Krause1993,
  author = {P. Krause and D. Clark},
  title = {Representing uncertain knowledge},
  year = {1993},
  owner = {jose},
  publisher = {Dordrecht, Holland: Kluwer},
  timestamp = {2012.04.23}
}

@ARTICLE{Kulpa2006,
  author = {Zenon Kulpa},
  title = {A diagrammatic approach to investigate interval relations},
  journal = {Journal of Visual Languages \& Computing},
  year = {2006},
  volume = {17},
  pages = {466 - 502},
  number = {5},
  note = {<ce:title>Context and Emotion Aware Visual Interaction - Part II</ce:title>},
  doi = {10.1016/j.jvlc.2005.10.004},
  issn = {1045-926X},
  owner = {jose},
  timestamp = {2012.12.23},
  url = {\url{http://www.sciencedirect.com/science/article/pii/S1045926X05000662}}
}

@ARTICLE{Kulpa1997,
  author = {Kulpa, Zenon},
  title = {Diagrammatic Representation of Interval Space in Proving Theorems
	about Interval Relations},
  journal = {Reliable Computing},
  year = {1997},
  volume = {3},
  pages = {209-217},
  doi = {10.1023/A:1009919304728},
  issn = {1385-3139},
  issue = {3},
  language = {English},
  owner = {jose},
  publisher = {Kluwer Academic Publishers},
  timestamp = {2012.12.23},
  url = {\url{http://dx.doi.org/10.1023/A%3A1009919304728}}
}

@INPROCEEDINGS{Kurutach1998,
  author = {Kurutach, W.},
  title = {Handling fuzziness in temporal databases},
  booktitle = {Systems, Man, and Cybernetics, 1998. 1998 IEEE International Conference
	on},
  year = {1998},
  volume = {3},
  pages = {2762 -2767 vol.3},
  month = {oct},
  __markedentry = {[jose:6]},
  doi = {10.1109/ICSMC.1998.725079},
  file = {:/home/jose/Documentos/fpi/TO-READ/handling fuzziness in temporal databases.pdf:PDF},
  keywords = {FuzzTime;discrete time model;fuzziness;fuzzy set theory;linguistic
	variables;possibility theory;relational data model;temporal databases;temporal
	query evaluation;time-related operators;data models;fuzzy set theory;possibility
	theory;relational databases;temporal databases;},
  owner = {jose},
  timestamp = {2012.03.07}
}

@INPROCEEDINGS{Kurutach1995,
  author = {Kurutach, W.},
  title = {Modelling fuzzy interval-based temporal information: a temporal database
	perspective},
  booktitle = {Fuzzy Systems, 1995. International Joint Conference of the Fourth
	IEEE International Conference on Fuzzy Systems and The Second International
	Fuzzy Engineering Symposium., Proceedings of 1995 IEEE International
	Conference on},
  year = {1995},
  volume = {2},
  pages = {741 -748 vol.2},
  month = {mar},
  __markedentry = {[jose:6]},
  doi = {10.1109/FUZZY.1995.409766},
  file = {:/home/jose/Documentos/fpi/TO-READ/modelling fuzzy interval-based temporal information.pdf:PDF},
  keywords = { Zadeh's fuzzy set theory; discrete time; fuzzy interval-based temporal
	information; fuzzy temporal knowledge; fuzzy time intervals; incompleteness;
	intersection; interval-based concepts; possibility theory; primitive
	functions; temporal database; temporal knowledge; temporal specification;
	union; database theory; fuzzy set theory; possibility theory; temporal
	databases;},
  owner = {jose},
  timestamp = {2012.03.07}
}

@MISC{L.Rowe1987,
  author = {L.Rowe and M.Stonebreker"},
  title = {The Postgres Papers},
  month = {6},
  year = {1987},
  owner = {jose},
  timestamp = {2012.03.05}
}

@INPROCEEDINGS{Lacroix1987,
  author = {Lacroix, M. and Lavency, Pierre},
  title = {Preferences; Putting More Knowledge into Queries},
  booktitle = {Proceedings of the 13th International Conference on Very Large Data
	Bases},
  year = {1987},
  series = {VLDB '87},
  pages = {217--225},
  address = {San Francisco, CA, USA},
  publisher = {Morgan Kaufmann Publishers Inc.},
  acmid = {758352},
  isbn = {0-934613-46-X},
  numpages = {9},
  owner = {jose},
  timestamp = {2012.03.05}
}

@ARTICLE{Lakshmanan1997,
  author = {Laks V. S. Lakshmanan and Nicola Leone and Robert Ross and V. S.
	Subrahmanian},
  title = {ProbView: A Flexible Probabilistic Database System},
  journal = {ACM TRANSACTIONS ON DATABASE SYSTEMS},
  year = {1997},
  volume = {22},
  pages = {419--469},
  number = {3},
  file = {:/home/jose/Documentos/fpi/TO-READ/Lakshmanan1997.pdf:PDF},
  owner = {jose},
  timestamp = {2012.03.14}
}

@INPROCEEDINGS{Lietard2011a,
  author = {Li\'{e}tard, L. and Tamani, N. and Rocacher, D.},
  title = {Linguistic quantifiers and bipolarity.},
  booktitle = {Proc. of the 2011 IFSA World Congress and the 2011 AFSS International
	Conference.},
  year = {2011},
  address = {Surabaya and Bali Island, Indonesia},
  owner = {jose},
  timestamp = {2012.12.15}
}

@INPROCEEDINGS{Lietard2009,
  author = {Ludovic Lietard and Daniel Rocacher},
  title = {{On the Definition of Extended Norms and Co-norms to Aggregate Fuzzy
	Bipolar Conditions}},
  booktitle = {European Society for Fuzzy Logic and Technology},
  year = {2009},
  pages = {513--518},
  masid = {6057064},
  owner = {jose},
  timestamp = {2012.12.15}
}

@INPROCEEDINGS{Lietard2009a,
  author = {Lietard, L. and Rocacher, D. and Bosc, P.},
  title = {On the extension of SQL to fuzzy bipolar conditions},
  booktitle = {Fuzzy Information Processing Society, 2009. NAFIPS 2009. Annual Meeting
	of the North American},
  year = {2009},
  pages = {1 -6},
  month = {june},
  doi = {10.1109/NAFIPS.2009.5156411},
  keywords = {SQL language;fuzzy bipolar conditions;fuzzy constraint;fuzzy sets;fuzzy
	wish;relational algebra;relational database management system;user
	preferences;SQL;fuzzy set theory;query processing;relational algebra;relational
	databases;},
  owner = {jose},
  timestamp = {2012.12.15}
}

@INPROCEEDINGS{Lietard2011,
  author = {Lietard, L. and Tamani, N. and Rocacher, D.},
  title = {Fuzzy bipolar conditions of type  or else},
  booktitle = {Fuzzy Systems (FUZZ), 2011 IEEE International Conference on},
  year = {2011},
  pages = {2546 -2551},
  month = {june},
  doi = {10.1109/FUZZY.2011.6007324},
  issn = {1098-7584},
  keywords = {flexible querying;fuzzy bipolar condition;fuzzy set theory;fuzzy logic;fuzzy
	set theory;},
  owner = {jose},
  timestamp = {2012.12.15}
}

@MASTERSTHESIS{Lin1997a,
  author = {Hong Lin and {Christian S.} Jensen (codirector) and {Michael H.}
	Bohlen and Renato Busatto and Heidi Gregersen and Kristian Torp and
	{Richard T.} Snodgrass (codirector) and Anindya Datta and Sudha Ram},
  title = {Efficient Conversion Between Temporal Granularities},
  school = {The University of Arizona},
  year = {1997},
  owner = {jose},
  timestamp = {2012.03.05}
}

@PHDTHESIS{Lorentzos1988,
  author = {N. A. Lorentzos},
  title = {A Formal Extension of the Relational Model for the Representation
	of Generic Intervals.},
  school = {Birkbeck College},
  year = {1988},
  address = {University of London},
  owner = {jose},
  timestamp = {2012.03.05}
}

@ARTICLE{Lorentzos1989,
  author = {Lorentzos, Nikos A. and Kollias, V. J.},
  title = {The handling of depth and time intervals in soil-information systems},
  journal = {Comput. Geosci.},
  year = {1989},
  volume = {15},
  pages = {395--401},
  month = {March},
  acmid = {70787},
  address = {Tarrytown, NY, USA},
  doi = {10.1016/0098-3004(89)90047-2},
  issn = {0098-3004},
  issue = {3},
  numpages = {7},
  owner = {jose},
  publisher = {Pergamon Press, Inc.},
  timestamp = {2012.03.05},
  url = {http://portal.acm.org/citation.cfm?id=70777.70787}
}

@ARTICLE{Lorentzos1997,
  author = {Lorentzos, Nikos A. and Mitsopoulos, Yannis G.},
  title = {SQL Extension for Interval Data},
  journal = {IEEE Trans. on Knowl. and Data Eng.},
  year = {1997},
  volume = {9},
  pages = {480--499},
  number = {3},
  month = may,
  acmid = {627848},
  address = {Piscataway, NJ, USA},
  doi = {10.1109/69.599935},
  file = {:/home/jose/Documentos/fpi/TO-READ/lorentzos1997.pdf:PDF},
  issn = {1041-4347},
  issue_date = {May 1997},
  keywords = {Data model, interval data, query language, spatial data, temporal
	data.},
  numpages = {20},
  owner = {jose},
  publisher = {IEEE Educational Activities Department},
  timestamp = {2012.07.31},
  url = {http://dx.doi.org/10.1109/69.599935}
}

@INCOLLECTION{Lorentzos1988a,
  author = {Lorentzos, Nikos and Johnson, Roger},
  title = {An extension of the relational model to support generic intervals},
  booktitle = {Advances in Database Technology—EDBT '88},
  publisher = {Springer Berlin / Heidelberg},
  year = {1988},
  editor = {Schmidt, J. and Ceri, S. and Missikoff, M.},
  volume = {303},
  series = {Lecture Notes in Computer Science},
  pages = {528-542},
  note = {10.1007/3-540-19074-0\_71},
  affiliation = {Birkbeck College, London University Department of Computer Science
	Malet Street WC1E 7HX London England Malet Street WC1E 7HX London
	England},
  owner = {jose},
  timestamp = {2012.03.05},
  url = {http://dx.doi.org/10.1007/3-540-19074-0\_71}
}

@ARTICLE{LotfiZadeh1978,
  author = {{Lotfi Zadeh}},
  title = {Fuzzy sets as a basis for a theory of possibility},
  journal = {Fuzzy Sets and Systems},
  year = {1978},
  volume = {1},
  pages = {3-28},
  owner = {jose},
  timestamp = {2012.03.05}
}

@MASTERSTHESIS{Lupianez,
  author = { Carmen Garrido Lupiáñez },
  title = { Una aproximación difusa a las bases de datos temporales},
  school = { Universidad de Granada},
  __markedentry = {[jose:]},
  owner = {jose},
  timestamp = {2012.03.05}
}

@ARTICLE{burney2011,
  author = {Mahmood, Nadeem and Burney, Aqil},
  title = {Advances in fuzzy temporal relational databases: a review},
  journal = {WSEAS Trans. Info. Sci. and App.},
  year = {2011},
  volume = {8},
  pages = {171--184},
  number = {4},
  month = apr,
  acmid = {2189936},
  address = {Stevens Point, Wisconsin, USA},
  file = {:/home/jose/Documentos/fpi/TO-READ/burney2011.pdf:PDF},
  issn = {1790-0832},
  issue_date = {April 2011},
  keywords = {fuzzy set theory, fuzzy-temporal model, fuzzy-temporal query language,
	imprecise data, temporal ontology, temporal relational model},
  numpages = {14},
  owner = {jose},
  publisher = {World Scientific and Engineering Academy and Society (WSEAS)},
  timestamp = {2012.07.31},
  url = {http://dl.acm.org/citation.cfm?id=2189934.2189936}
}

@ARTICLE{Maiocchi1992,
  author = {Maiocchi, Roberto and Pernici, Barbara and Barbic, Federico},
  title = {Automatic deduction of temporal information},
  journal = {ACM Trans. Database Syst.},
  year = {1992},
  volume = {17},
  pages = {647--688},
  month = {December},
  acmid = {146934},
  address = {New York, NY, USA},
  issn = {0362-5915},
  issue = {4},
  keywords = {events, meta-level temporal assertions, propositions, temporal database,
	temporal modalities, time calculus},
  numpages = {42},
  owner = {jose},
  publisher = {ACM},
  timestamp = {2012.03.05}
}

@PHDTHESIS{MartinezCruz2008a,
  author = {Mart\'inez Cruz,Carmen},
  title = {Sistema de gesti\'on de bases de datos relacionales difusas multiprop\'osito.
	},
  school = {Universidad de Granada},
  year = {2008},
  owner = {jose},
  timestamp = {2012.03.05}
}

@PHDTHESIS{MartinezCruz2008b,
  author = {Martínez Cruz,Carmen},
  title = {Sistema de gestión de bases de datos relacionales difusas multipropósito.
	Una ontología para la representación del conocimiento difuso},
  school = {Universidad de Granada},
  year = {2008},
  __markedentry = {[jose:]},
  owner = {jose},
  timestamp = {2012.03.05}
}

@INPROCEEDINGS{Matthe2009,
  author = {Tom Matth\'e and Guy {De Tr\'e}},
  title = {Bipolar query satisfaction using satisfaction and dissatisfaction
	degrees: Bipolar satisfaction degrees},
  booktitle = {Proc.\ of the ACM SAC'09 Conference},
  year = {2009},
  pages = {1699--1703},
  address = {Honolulu, Hawaii, USA},
  owner = {jose},
  timestamp = {2012.03.05}
}

@INPROCEEDINGS{Matthe2011,
  author = {Matth\'e, T. and de Tr\'{e}, G.},
  title = {Weighted aggregation of bipolar satisfaction degrees.},
  booktitle = {Proc. of the 2011 IFSA World Congress and the 2011 AFSS International
	Conference.},
  year = {2011},
  owner = {jose},
  timestamp = {2012.12.15}
}

@ARTICLE{Matthe2011a,
  author = {Matth\'{e}, Tom and De Tr\'{e}, Guy and Zadrozny, Slawomir and Kacprzyk,
	Janusz and Bronselaer, Antoon},
  title = {Bipolar database querying using bipolar satisfaction degrees},
  journal = {Int. J. Intell. Syst.},
  year = {2011},
  volume = {26},
  pages = {890--910},
  number = {10},
  month = oct,
  acmid = {2030295},
  address = {New York, NY, USA},
  doi = {10.1002/int.20505},
  issn = {0884-8173},
  issue_date = {October 2011},
  numpages = {21},
  owner = {jose},
  publisher = {John Wiley \& Sons, Inc.},
  timestamp = {2012.12.15},
  url = {http://dx.doi.org/10.1002/int.20505}
}

@INCOLLECTION{Matthe2012,
  author = {Matthé, Tom and Tré, Guy},
  title = {Ranking of Bipolar Satisfaction Degrees},
  booktitle = {Advances in Computational Intelligence},
  publisher = {Springer Berlin Heidelberg},
  year = {2012},
  editor = {Greco, Salvatore and Bouchon-Meunier, Bernadette and Coletti, Giulianella
	and Fedrizzi, Mario and Matarazzo, Benedetto and Yager, RonaldR.},
  volume = {298},
  series = {Communications in Computer and Information Science},
  pages = {461-470},
  doi = {10.1007/978-3-642-31715-6_49},
  isbn = {978-3-642-31714-9},
  keywords = {fuzzy querying; bipolar querying; ranking},
  owner = {jose},
  timestamp = {2012.12.15},
  url = {http://dx.doi.org/10.1007/978-3-642-31715-6_49}
}

@BOOK{McCluskey1965,
  title = {Introduction to the Theory of Switching Circuits},
  publisher = {McGraw-Hill Book Company},
  year = {1965},
  author = {Edward McCluskey},
  owner = {jose},
  timestamp = {2012.03.05}
}

@MISC{McKenzie1981,
  author = {J. E. McKenzie and R. T. Snodgrass},
  title = {Supporting Valid Time in an Historical Relational Algebra: Proofs
	and Extensions.},
  year = {1981},
  owner = {jose},
  school = {University of Arizona, Tucson, AZ.},
  timestamp = {2012.03.05}
}

@PHDTHESIS{Mckenzie1988,
  author = {Mckenzie,Jr., Leslie Edwin},
  title = {An algebraic language for query and update of temporal databases},
  year = {1988},
  note = {AAI8914449},
  owner = {jose},
  publisher = {The University of North Carolina at Chapel Hill},
  timestamp = {2012.03.05}
}

@ARTICLE{Medina1994,
  author = {{J.M.} Medina and Olga Pons and {J.C.} Cubero},
  title = {GEFRED. A Generalized Model of Fuzzy Relational Databases},
  journal = {Information Sciences},
  year = {1994},
  volume = {76},
  pages = {87-109},
  issue = {1-2},
  owner = {jose},
  timestamp = {2012.03.05}
}

@BOOK{Melton1993,
  title = {Understanding the new SQL: a complete guide},
  publisher = {Morgan Kaufmann Publishers Inc.},
  year = {1993},
  author = {Melton, Jim and Simon, Alan R.},
  address = {San Francisco, CA, USA},
  isbn = {1-55860-245-3},
  owner = {jose},
  timestamp = {2012.03.05}
}

@INPROCEEDINGS{Merlo2000,
  author = {Merlo, I. and Bertino, E. and Ferrari, E. and Gadia, S. and Guerrini,
	G.},
  title = {Querying multiple temporal granularity data},
  booktitle = {Temporal Representation and Reasoning, 2000. TIME 2000. Proceedings.
	Seventh International Workshop on},
  year = {2000},
  pages = {103 -114},
  doi = {10.1109/TIME.2000.856591},
  keywords = {multiple temporal granularity data;object-oriented database;object-oriented
	query language;query processing;relational data model;semantics;syntax;temporal
	databases;temporal queries;database theory;object-oriented databases;object-oriented
	languages;query languages;query processing;temporal databases;},
  owner = {jose},
  timestamp = {2012.03.05}
}

@INPROCEEDINGS{Mitra1994,
  author = {Mitra, D. and et al.},
  title = {A Possibilistic Interval Constraint Problem: Fuzzy Temporal Reasoning},
  booktitle = {Fuzzy Systems, 1994. IEEE World Congress on Computational Intelligence.,
	Proc. of the Third IEEE Conference on},
  year = {1994},
  volume = {2},
  pages = {1434-1439},
  month = {jun},
  owner = {jose},
  timestamp = {2012.03.05}
}

@MANUAL{Murray2009,
  title = {Workspace Manager Developer's Guide},
  author = {Chuck Murray and Bill Beauregard and Ben Spackhard},
  organization = {Oracle Corp.},
  month = {10},
  year = {2009},
  owner = {jose},
  timestamp = {2012.03.05}
}

@INCOLLECTION{Nagypal2003,
  author = {Nagyp\'al, G. and Motik, B.},
  title = {A Fuzzy Model for Representing Uncertain, Subjective, and Vague Temporal
	Knowledge in Ontologies},
  booktitle = {On The Move to Meaningful Internet Systems 2003: CoopIS, DOA, and
	ODBASE},
  publisher = {Springer, Heidelberg},
  year = {2003},
  volume = {2888},
  series = {LNCS},
  pages = {906--923},
  affiliation = {FZI Research Center for Information Technologies, at the University
	of Karlsruhe, Haid-und-Neu-Str. 10-14, 76131 Karlsruhe, Germany },
  owner = {jose},
  timestamp = {2012.03.05}
}

@INPROCEEDINGS{Nakajima1993,
  author = {Nakajima, H. and Sogoh, T. and Arao, M.},
  title = {Fuzzy database language and library-fuzzy extension to SQL},
  booktitle = {Fuzzy Systems, 1993.},
  year = {1993},
  pages = {477 -482 vol.1},
  keywords = {C language;DDL;DML;FDL2 C library;Fuzzy SQL;OMRON LUNA88K workstation;data
	definition language;data manipulation language;fuzzy database language;fuzzy
	database management system;SQL;database management systems;fuzzy
	logic;},
  owner = {jose},
  timestamp = {2012.03.05}
}

@INPROCEEDINGS{Nascimento1995,
  author = {Nascimento, M. A. and Eich, M. H. },
  title = {Decision Time in Temporal Databases},
  booktitle = {Proceedings of the Second International Workshop on Temporal Representation
	and Reasoning},
  year = {1995},
  pages = {157--162},
  owner = {jose},
  timestamp = {2012.03.05}
}

@MISC{Navathe1987,
  author = {S.B. Navathe and R. Ahmed},
  title = {TSQL|A Language Interface for History Databases},
  month = {5},
  year = {1987},
  owner = {jose},
  timestamp = {2012.03.05}
}

@INPROCEEDINGS{Nierman2002,
  author = {Nierman, Andrew and Jagadish, H. V.},
  title = {ProTDB: probabilistic data in XML},
  booktitle = {Proceedings of the 28th international conference on Very Large Data
	Bases},
  year = {2002},
  series = {VLDB '02},
  pages = {646--657},
  publisher = {VLDB Endowment},
  acmid = {1287425},
  file = {:/home/jose/Documentos/fpi/TO-READ/nierman2002.pdf:PDF},
  location = {Hong Kong, China},
  numpages = {12},
  owner = {jose},
  timestamp = {2012.04.24},
  url = {http://dl.acm.org/citation.cfm?id=1287369.1287425}
}

@MISC{corba2012,
  author = {Object Management Group, Inc},
  title = {Corba Specification},
  organization = {Object Management Group, Inc},
  note = {Accessed on Nov.2012},
  url = {\url{http://www.omg.org/corba/}},
howpublished = {\url{http://www.omg.org/corba/}},
  owner = {jose},
  timestamp = {2012.11.19}
}

@ARTICLE{Ohlbach2004,
  author = {Ohlbach, Hans J.},
  title = {Relations Between Fuzzy Time Intervals},
  journal = {International Symposium on Temporal Representation and Reasoning},
  year = {2004},
  volume = {0},
  pages = {44--51},
  address = {Los Alamitos, CA, USA},
  issn = {1530-1311},
  owner = {jose},
  publisher = {IEEE Computer Society},
  timestamp = {2012.03.05}
}

@MISC{workingwobjects2012,
  author = {Jboss Org.},
  title = {Working with objects.},
  organization = {Hibernate},
  note = {Accessed on Nov. 2012.},
  url = {\url{http://docs.jboss.org/hibernate/orm/4.1/manual/en-US/html_single/#objectstate}},
howpublished = {\url{http://docs.jboss.org/hibernate/orm/4.1/manual/en-US/html_single/#objectstate}},
  owner = {jose},
  timestamp = {2012.11.19}
}

@ARTICLE{Ozsoyoglu1995,
  author = {Ozsoyoglu, G. and Snodgrass, R.T.},
  title = {Temporal and real-time databases: a survey},
  journal = {Knowledge and Data Engineering, IEEE Transactions on},
  year = {1995},
  volume = {7},
  pages = {513 - 532},
  number = {4},
  doi = {10.1109/69.404027},
  file = {:/home/jose/Documentos/fpi/TO-READ/ozsoyoglu95.pdf:PDF},
  owner = {jose},
  timestamp = {2012.04.15}
}

@INCOLLECTION{Parisi2010,
  author = {Francesco Parisi and Austin Parker and John Grant and V. S. Subrahmanian},
  title = {Scaling Cautious Selection in Spatial Probabilistic Temporal Databases},
  booktitle = {Methods for Handling Imperfect Spatial Information},
  publisher = {Springer},
  year = {2010},
  pages = {307-340},
  bibsource = {DBLP, http://dblp.uni-trier.de},
  ee = {http://dx.doi.org/10.1007/978-3-642-14755-5_12},
  file = {:/home/jose/Documentos/fpi/TO-READ/parisi2010.pdf:PDF},
  owner = {jose},
  timestamp = {2012.03.21}
}

@ARTICLE{Parker2007,
  author = {Parker, Austin and Subrahmanian, V. S. and Grant, John},
  title = {A Logical Formulation of Probabilistic Spatial Databases},
  journal = {IEEE Trans. on Knowl. and Data Eng.},
  year = {2007},
  volume = {19},
  pages = {1541--1556},
  number = {11},
  month = nov,
  acmid = {1313213},
  address = {Piscataway, NJ, USA},
  doi = {10.1109/TKDE.2007.190631},
  file = {:/home/jose/Documentos/fpi/TO-READ/parker2007.pdf:PDF},
  issn = {1041-4347},
  issue_date = {November 2007},
  keywords = {Spatial Database, Probabilistic Database},
  numpages = {16},
  owner = {jose},
  publisher = {IEEE Educational Activities Department},
  timestamp = {2012.03.21},
  url = {http://dx.doi.org/10.1109/TKDE.2007.190631}
}

@ARTICLE{Pawlak1995,
  author = {Pawlak, Zdzislaw and Grymala-Busse, Jerzy and Slowinski, Roman and
	Ziarko, Wojciech},
  title = {{Rough Sets}},
  journal = {Communications of the ACM},
  year = {1995},
  volume = {38},
  number = {6},
  file = {:home/jose/Documentos/Mendeley Desktop/Pawlak et al. - 1995 - Rough Sets.pdf:pdf},
  owner = {jose},
  timestamp = {2012.03.05}
}

@ARTICLE{Pittarelli1994,
  author = {Pittarelli, M.},
  title = {An algebra for probabilistic databases},
  journal = {Knowledge and Data Engineering, IEEE Transactions on},
  year = {1994},
  volume = {6},
  pages = {293 -303},
  number = {2},
  month = {apr},
  doi = {10.1109/69.277772},
  file = {:/home/jose/Documentos/fpi/TO-READ/pittareli1994.pdf:PDF},
  issn = {1041-4347},
  keywords = { alpha;-acyclic database schemes;Bayes networks;Markov networks;decision
	support;homomorphic image;probabilistic algebra;probabilistic data
	model;probabilistic databases;relational algebra;statistical smoothing
	procedure;uncertain information;Bayes methods;Markov processes;algebra;data
	structures;database management systems;database theory;decision support
	systems;probability;relational algebra;uncertainty handling;},
  owner = {jose},
  timestamp = {2012.04.24}
}

@INPROCEEDINGS{Pons2012,
  author = { Pons,Jose and Bronselaer,Antoon and Pons,Olga and de Tre,Guy},
  title = {Possibilistic evaluation of fuzzy temporal intervals},
  year = {2012},
  editor = { Gregorio Sainz and Jes\'us Alcal\'a},
  address = {Valladolid, Spain},
  month = {february},
  owner = {jose},
  timestamp = {2012.03.05}
}

@INCOLLECTION{Pons2011b,
  author = {Pons, JoseEnrique and Pons Capote, Olga and Blanco Medina, Ignacio},
  title = {A Fuzzy Valid-Time Model for Relational Databases within the Hibernate
	Framework},
  booktitle = {Flexible Query Answering Systems},
  publisher = {Springer Berlin Heidelberg},
  year = {2011},
  editor = {Christiansen, Henning and Tré, Guy and Yazici, Adnan and Zadrozny,
	Slawomir and Andreasen, Troels and Larsen, HenrikLegind},
  volume = {7022},
  series = {Lecture Notes in Computer Science},
  pages = {424-435},
  doi = {10.1007/978-3-642-24764-4_37},
  isbn = {978-3-642-24763-7},
  owner = {jose},
  timestamp = {2012.12.23},
  url = {http://dx.doi.org/10.1007/978-3-642-24764-4_37}
}

@ARTICLE{Pons2011,
  author = {Pons, Jos\'e Enrique and Bronselaer, Antoon and De Tr\'e, Guy and
	Pons, Olga},
  title = { Possibilistic Evaluation of Sets},
  journal = {Int. J. Uncertainty Fuzziness Knowlege-Based Syst.},
  year = {2012},
  volume = {1},
  pages = {11-11},
  note = {Submitted to the International Journal of Uncertainty, Fuzziness
	and Knowledge-Based Systems},
  owner = {jose},
  timestamp = {2012.03.05}
}

@ARTICLE{Pons2012a,
  author = {Pons, Jos\'e Enrique and Mar\'{\i}n, N. and Pons Capote, O. and Billiet,
	C. and de Tre, G.},
  title = {A Relational Model for the Possibilistic Valid-Time approach},
  journal = {International Journal of Computational Intelligence Systems},
  year = {2012},
  volume = {5},
  pages = {1068-1088},
  number = {6},
  doi = {10.1080/18756891.2012.747662},
  owner = {jose},
  timestamp = {2012.11.13}
}

@INPROCEEDINGS{Pons2011a,
  author = {Pons, Jose Enrique and Pons, Olga and Blanco Medina,Ignacio},
  title = {An Open Source Framework for Fuzzy Representation and Querying in
	Fuzzy Databases},
  booktitle = {Proceedings of the IADIS International Conference Informations Systems},
  year = {2011},
  editor = {Miguel Baptista Nunes, Pedro Isaías, Philip Powell},
  month = {March},
  isbn = {978-972-8939-47-2},
  owner = {jose},
  timestamp = {2012.03.05}
}

@MISC{Postgree2011,
  author = {Postgree},
  title = {Temporal PostgreeSQL},
  month = {12},
  year = {2011},
  owner = {jose},
  timestamp = {2012.03.05},
  url = {http://pgfoundry.org/projects/temporal/}
}

@ARTICLE{Prade2007,
  author = {Prade, D. Dubois, Henri},
  title = {Possibility theory},
  journal = {Scholarpedia},
  year = {2007},
  volume = {2},
  pages = {2074},
  number = {10},
  owner = {jose},
  timestamp = {2012.05.07}
}

@INCOLLECTION{Prade2009,
  author = {Prade, Henri},
  title = {Current Research Trends in Possibilistic Logic: Multiple Agent Reasoning,
	Preference Representation, and Uncertain Databases},
  booktitle = {Advances in Data Management},
  publisher = {Springer Berlin / Heidelberg},
  year = {2009},
  editor = {Ras, Zbigniew and Dardzinska, Agnieszka},
  volume = {223},
  series = {Studies in Computational Intelligence},
  pages = {311-330},
  note = {\url{10.1007/978-3-642-02190-9_15}},
  affiliation = {IRIT, 118 route de Narbonne, CNRS and University of Toulouse 31062
	Toulouse Cedex 9 France},
  file = {:/home/jose/Documentos/fpi/TO-READ/prade2009.pdf:PDF},
  isbn = {978-3-642-02189-3},
  keyword = {Engineering},
  owner = {jose},
  timestamp = {2012.03.22},
  url = {\url{http://dx.doi.org/10.1007/978-3-642-02190-9_15}}
}

@ARTICLE{Prade1987,
  author = {H. Prade and C. Testemale},
  title = {Representation of soft constraints and fuzzy attribute values by
	means of possibility distributions in data bases},
  journal = {The Analysis of Fuzzy Information},
  year = {1987},
  volume = {II},
  owner = {jose},
  timestamp = {2012.04.23}
}

@ARTICLE{Prade1984,
  author = {Henri Prade and Claudette Testemale},
  title = {Generalizing database relational algebra for the treatment of incomplete
	or uncertain information and vague queries},
  journal = {Information Sciences},
  year = {1984},
  volume = {34},
  pages = {115 - 143},
  number = {2},
  doi = {10.1016/0020-0255(84)90020-3},
  file = {:/home/jose/Documentos/fpi/TO-READ/prade1984.pdf:PDF},
  owner = {jose},
  timestamp = {2012.03.05},
  url = {http://www.sciencedirect.com/science/article/pii/0020025584900203}
}

@BOOK{Prior1957,
  title = {Time and Modality},
  publisher = {Clarendon Press},
  year = {1957},
  author = {P.A.N Prior},
  owner = {jose},
  timestamp = {2012.07.31}
}

@INPROCEEDINGS{Qiang2009,
  author = {Qiang, Y. and Asmussen, K. and Delafontaine, M. and De Tr\'{e}, G.
	and Stichelbaut, B. and De Maeyer, P. and Van de Weghe, N. },
  title = {Visualising rough time intervals in a two-dimensional space},
  booktitle = {2009 IFSA World Congress / EUSFLAT Conference, Proceedings },
  year = {2009},
  month = {Jul},
  owner = {jose},
  timestamp = {2012.03.05}
}

@ARTICLE{Qiang2010,
  author = {Y. Qiang and M. Delafontaine and K. Asmussen and B. Stichelbaut and
	G. de Tr\'{e} and P. De Maeyer and N. Van de Weghe},
  title = {Modelling Imperfect Time Intervals in a Two-Dimensional Space},
  journal = {Control and Cybernetics},
  year = {2010},
  volume = {39},
  pages = {983-1010},
  number = {4},
  owner = {jose},
  timestamp = {2012.12.23}
}

@ARTICLE{Rivieccio2008,
  author = {Rivieccio, Umberto},
  title = {Neutrosophic logics: Prospects and problems},
  journal = {Fuzzy Sets Syst.},
  year = {2008},
  volume = {159},
  pages = {1860--1868},
  number = {14},
  month = jul,
  acmid = {1377444},
  address = {Amsterdam, The Netherlands, The Netherlands},
  doi = {10.1016/j.fss.2007.11.011},
  issn = {0165-0114},
  issue_date = {July, 2008},
  keywords = {Belnap's logic, Fuzzy logics, Intuitionistic fuzzy logic, Many-valued
	logics, Neutrosophic logics, Neutrosophy},
  numpages = {9},
  owner = {jose},
  publisher = {Elsevier North-Holland, Inc.},
  timestamp = {2012.12.15},
  url = {http://dx.doi.org/10.1016/j.fss.2007.11.011}
}

@BOOK{Rowe1987,
  title = {The Postgres Papers},
  publisher = {University of California at Berkeley},
  year = {1987},
  author = {Rowe, L. A. and Stonebraker, M.},
  address = {Berkeley, CA, USA},
  owner = {jose},
  timestamp = {2012.03.05}
}

@ARTICLE{Rowe1987a,
  author = {Lawrence A. Rowe and Michael R. Stonebreker},
  title = {The POSTGRES data model},
  year = {1987},
  month = {06},
  owner = {jose},
  timestamp = {2012.03.05}
}

@ARTICLE{Rundensteiner1989,
  author = {Elke A. Rundensteiner and Lois W. Hawkes and Wyllis Bandler},
  title = {On nearness measures in fuzzy relational data models},
  journal = {International Journal of Approximate Reasoning},
  year = {1989},
  volume = {3},
  pages = {267 - 298},
  number = {3},
  doi = {10.1016/0888-613X(89)90019-4},
  file = {:/home/jose/Documentos/fpi/TO-READ/rudensteiner89.pdf:PDF},
  issn = {0888-613X},
  keywords = {fuzzy relational data model},
  owner = {jose},
  timestamp = {2012.04.23},
  url = {http://www.sciencedirect.com/science/article/pii/0888613X89900194}
}

@PHDTHESIS{Sadeghi1987,
  author = {Sadeghi, Rubik},
  title = {A database query language for operations on historical data},
  year = {1987},
  order_no = {AAID-80693},
  owner = {jose},
  timestamp = {2012.03.05}
}

@PHDTHESIS{Sambuc1975,
  author = {Sambuc, R.},
  title = {Fonctions $\phi$-floues. Application l'aide au diagnostic en pathologie
	thyroidienne},
  school = {Univ. Marseille},
  year = {1975},
  address = {France},
  owner = {jose},
  timestamp = {2012.03.05}
}

@ARTICLE{Sarda1990,
  author = {Sarda, N. L.},
  title = {Extensions to SQL for Historical Databases},
  journal = {IEEE Trans. Knowl. Data Eng.},
  year = {1990},
  volume = {2},
  pages = {220--230},
  acmid = {627409},
  address = {Piscataway, NJ, USA},
  issn = {1041-4347},
  issue = {2},
  keywords = {HDBMS, HSQL, SQL, event relations, extended SQL, extended relational
	data model, historical management system, historical relations, primitive
	algebra operations, query language, query languages, real-world objects,
	relational databases, retrospective updates, state-oriented, temporal
	information, time domain, time-rollback},
  numpages = {11},
  owner = {jose},
  publisher = {IEEE Educational Activities Department},
  timestamp = {2012.03.05}
}

@ARTICLE{Schockaert2008,
  author = {Schockaert, S. and De Cock, M. and Kerre, E.E.},
  title = {Fuzzifying Allen's Temporal Interval Relations},
  journal = {Fuzzy Systems, IEEE Transactions on},
  year = {2008},
  volume = {16},
  pages = {517 -533},
  number = {2},
  month = {april },
  issn = {1063-6706},
  keywords = {fuzzy orderings;fuzzy set;fuzzy temporal reasoning;fuzzy time interval;question
	answering systems;temporal interval relations;transitivity table;fuzzy
	reasoning;fuzzy set theory;temporal reasoning;},
  owner = {jose},
  timestamp = {2012.03.05}
}

@ARTICLE{Segev1987,
  author = {Segev, Arie and Shoshani, Arie},
  title = {Logical modeling of temporal data},
  journal = {SIGMOD Rec.},
  year = {1987},
  volume = {16},
  pages = {454--466},
  month = {December},
  acmid = {38760},
  address = {New York, NY, USA},
  doi = {http://doi.acm.org/10.1145/38714.38760},
  issn = {0163-5808},
  issue = {3},
  numpages = {13},
  owner = {jose},
  publisher = {ACM},
  timestamp = {2012.03.05},
  url = {http://doi.acm.org/10.1145/38714.38760}
}

@BOOK{Shackle1961,
  title = {Decision, order and time in human affairs},
  publisher = {Cambridge University Press},
  year = {1961},
  author = {George Shackle},
  owner = {jose},
  timestamp = {2012.03.05}
}

@BOOK{Shafer1961,
  title = {A mathematical theory of evidence},
  publisher = {Princeton University Press},
  year = {1961},
  author = {Glenn Shafer},
  owner = {jose},
  timestamp = {2012.03.05}
}

@ARTICLE{Shenoi1989,
  author = {Sujeet Shenoi and Austin Melton},
  title = {Proximity relations in the fuzzy relational database model},
  journal = {Fuzzy Sets and Systems},
  year = {1989},
  volume = {100, Supplement 1},
  pages = {51 - 62},
  number = {0},
  doi = {10.1016/S0165-0114(99)80006-2},
  file = {:/home/jose/Documentos/fpi/TO-READ/shenoi89.pdf:PDF;:/home/jose/Documentos/fpi/TO-READ/shenoi89.pdf:PDF},
  issn = {0165-0114},
  keywords = {Information storage and retrieval},
  owner = {jose},
  timestamp = {2012.04.23},
  url = {http://www.sciencedirect.com/science/article/pii/S0165011499800062}
}

@BOOK{Smarandache1999,
  title = {A Unifying Field in Logics: Neutrosophic Logic. Neutrosophy, Neutrosophic
	Set, Neutrosophic Probability.},
  publisher = {American Research Press},
  year = {1999},
  editor = {-},
  author = {Smarandache, F.},
  owner = {jose},
  timestamp = {2012.12.15}
}

@INPROCEEDINGS{Snodgrass1984,
  author = {Snodgrass, Richard},
  title = {The temporal query language TQuel},
  booktitle = {Proceedings of the 3rd ACM SIGACT-SIGMOD symposium on Principles
	of database systems},
  year = {1984},
  series = {PODS '84},
  pages = {204--213},
  address = {New York, NY, USA},
  publisher = {ACM},
  acmid = {588041},
  doi = {http://doi.acm.org/10.1145/588011.588041},
  isbn = {0-89791-128-8},
  location = {Waterloo, Ontario, Canada},
  numpages = {10},
  owner = {jose},
  timestamp = {2012.03.05},
  url = {http://doi.acm.org/10.1145/588011.588041}
}

@INPROCEEDINGS{Snodgrass1985,
  author = {Snodgrass, Richard and Ahn, Ilsoo},
  title = {A taxonomy of time databases},
  booktitle = {Proceedings of the 1985 ACM SIGMOD international conference on Management
	of data},
  year = {1985},
  series = {SIGMOD '85},
  pages = {236--246},
  address = {New York, NY, USA},
  publisher = {ACM},
  acmid = {318921},
  doi = {http://doi.acm.org/10.1145/318898.318921},
  isbn = {0-89791-160-1},
  location = {Austin, Texas, United States},
  numpages = {11},
  owner = {jose},
  timestamp = {2012.03.05},
  url = {http://doi.acm.org/10.1145/318898.318921}
}

@TECHREPORT{RichardSnodgrass1994,
  author = {Richard Snodgrass and Ilsoo Ahn and Gad Ariav and Don Batory and
	James Clifford and Curtis E. Dyreson and Ramez Elmasri and Fabio
	Grandi and Christian S. Jensen and Wolfgang K\"{a}fer and Nick Kline
	and Kristina Kulkarni and T. Y. Cliff Leung and Nikos Lorentzos and
	John F. Roddick and Arie Segev and Michael D. Soo and Suryanarayana
	M. Sripada.},
  title = {TSQL2 Language Specification},
  institution = {University of Arizona, Tucson},
  year = {1994},
  month = {September},
  file = {:/home/jose/Documentos/fpi/TO-READ/tsql2.pdf:PDF},
  owner = {jose},
  timestamp = {2012.03.28}
}

@ARTICLE{Snodgrass1986,
  author = {R.T. Snodgrass and I. Ahn.},
  title = {Temporal databases},
  journal = {IEEE computer},
  year = {1986},
  volume = {19(9)},
  pages = {35- -42},
  month = {09},
  owner = {jose},
  timestamp = {2012.03.05}
}

@ARTICLE{Snodgrass1993,
  author = {Snodgrass, Richard Thomas and Gomez, S. and McKenzie, E.},
  title = {Aggregates in the Temporal Query Language TQuel},
  journal = {IEEE Trans. on Knowl. and Data Eng.},
  year = {1993},
  volume = {5},
  pages = {826--842},
  month = {October},
  acmid = {642890},
  address = {Piscataway, NJ, USA},
  doi = {10.1109/69.243512},
  issn = {1041-4347},
  issue = {5},
  keywords = {TQuel, formal semantics, historical algebra, nested aggregation, query
	languages, relational databases, statistical functions, temporal
	database, temporal databases, temporal partitioning, temporal query
	language, tuple relational calculus, unique variants, valid time},
  numpages = {17},
  owner = {jose},
  publisher = {IEEE Educational Activities Department},
  timestamp = {2012.03.05},
  url = {http://portal.acm.org/citation.cfm?id=642875.642890}
}

@INCOLLECTION{Snodgrass1998,
  author = {Richard T. Snodgrass and Copyright Richard and T. Snodgrass and T.
	Snodgrass and Christian S. Jensen and Christian S. Jensen and Christian
	S. Jensen and Andreas Steiner and Andreas Steiner and Michael H.
	Böhlen and Michael H. Böhlen and Michael H. Böhlen and Michael H.
	Böhlen and Renato Busatto and Heidi Gregersen and Christian S. Jensen
	(codirector and Kristian Torp and Anindya Datta and Richard T. Snodgrass
	(codirector and Curtis E. Dyreson},
  title = {Transitioning Temporal Support in TSQL2 to SQL3},
  booktitle = {Temporal Databases: Research and Practice},
  publisher = {Springer Berlin / Heidelberg},
  year = {1998},
  editor = {Etzion, Opher and Jajodia, Sushil and Sripada, Suryanarayana},
  volume = {1399},
  series = {Lecture Notes in Computer Science},
  note = {10.1007/BFb0053709},
  isbn = {978-3-540-64519-1},
  keyword = {Computer Science},
  owner = {jose},
  timestamp = {2012.03.05},
  url = {http://dx.doi.org/10.1007/BFb0053709}
}

@INPROCEEDINGS{Soysangwarn2009,
  author = {Soysangwarn, S. and Chittayasothorn, S.},
  title = {Toward fuzzy temporal databases with temporal fuzzy linguistic terms},
  booktitle = {Applications of Digital Information and Web Technologies, 2009. ICADIWT
	'09. Second International Conference on the},
  year = {2009},
  pages = {8 -13},
  month = {aug.},
  doi = {10.1109/ICADIWT.2009.5273853},
  file = {:/home/jose/Documentos/fpi/TO-READ/sureeporn.pdf:PDF},
  keywords = {crisp values;fuzzy facts;fuzzy temporal databases;meta tables;sample
	queries;temporal fuzzy linguistic terms;temporal possibility distribution;temporal
	similarity degrees;computational linguistics;fuzzy set theory;temporal
	databases;},
  owner = {jose},
  timestamp = {2012.07.30}
}

@PHDTHESIS{Steiner1998,
  author = {Andreas Steiner},
  title = {A Generalisation Approach to Temporal Data Models and their Implementation},
  school = {Swiss federal institute of technology},
  year = {1998},
  address = {Zurich},
  file = {:/home/jose/Documentos/fpi/TO-READ/steiner1998.ps:PostScript},
  owner = {jose},
  timestamp = {2012.07.31}
}

@ARTICLE{Tahani1977,
  author = {Valiollah Tahani},
  title = {A conceptual framework for fuzzy query processing - A step toward
	very intelligent database systems},
  journal = {Inf. Process. Manage.},
  year = {1977},
  volume = {13},
  pages = {289-303},
  number = {5},
  owner = {jose},
  timestamp = {2012.03.05}
}

@INPROCEEDINGS{Tamani2011,
  author = {Tamani, N. and Li\'{e}tard, L. and Rocacher, D.},
  title = {Bipolarity and the relational division},
  booktitle = {Proc. of the 7th conference of the European Society for Fuzzy Logic
	and Technology (EUSFLAT 2011).},
  year = {2011},
  address = {Aix-les-Bains France},
  owner = {jose},
  timestamp = {2012.12.15}
}

@ARTICLE{Tansel1997,
  author = {Tansel, A.U. and Tin, E.},
  title = {The expressive power of temporal relational query languages},
  journal = {Knowledge and Data Engineering, IEEE Transactions on},
  year = {1997},
  volume = {9},
  pages = {120 -134},
  number = {1},
  month = jan/feb,
  doi = {10.1109/69.567055},
  issn = {1041-4347},
  keywords = {N1NF relations;attribute timestamping;expressive power;intervals;metric;nested
	relational tuple calculus;nesting;temporal data representation;temporal
	elements;temporal relational data model;temporal relational query
	languages;tuple timestamping;data structures;query languages;query
	processing;relational algebra;relational databases;temporal databases;},
  owner = {jose},
  timestamp = {2012.03.05}
}

@ARTICLE{Tansel1986,
  author = {Tansel, Abdullah Uz},
  title = {Adding time dimension to relational model and extending relational
	algebra},
  journal = {Inf. Syst.},
  year = {1986},
  volume = {11},
  pages = {343--355},
  month = {October},
  acmid = {23132},
  address = {Oxford, UK, UK},
  doi = {10.1016/0306-4379(86)90014-1},
  issn = {0306-4379},
  issue = {4},
  numpages = {13},
  owner = {jose},
  publisher = {Elsevier Science Ltd.},
  timestamp = {2012.03.05},
  url = {http://portal.acm.org/citation.cfm?id=23125.23132}
}

@MISC{Teradata2011,
  author = {Teradata},
  title = {Teradata Temporal},
  month = {12},
  year = {2011},
  owner = {jose},
  timestamp = {2012.03.05},
  url = {http://www.teradata.com/database/teradata-temporal/}
}

@PHDTHESIS{Thompson1991,
  author = {Thompson, Peter MacLeod},
  title = {A temporal data model based on accounting principles},
  year = {1991},
  address = {Calgary, Alta., Canada, Canada},
  order_no = {UMI Order No. GAXNN-71151 (Canadian dissertation)},
  owner = {jose},
  publisher = {University of Calgary},
  timestamp = {2012.03.05}
}

@MISC{TimeDB2011,
  author = {TimeDB},
  title = {A temporal relational DBMS.},
  month = {12},
  year = {2011},
  owner = {jose},
  timestamp = {2012.03.05},
  url = {http://www.timeconsult.com/Software/Software.html}
}

@INPROCEEDINGS{Tineo2004,
  author = {Leonid Tineo and Marlene Goncalves and Juan Carlos Eduardo},
  title = {A Fuzzy Querying System based on SQLf2 and SQLf3},
  booktitle = {CLEI2004},
  year = {2004},
  editor = {Mauricio Solar and David Fernández-Baca and Ernesto Cuadros-Vargas},
  pages = {845--851},
  month = Sep,
  owner = {jose},
  timestamp = {2012.03.05}
}

@INPROCEEDINGS{Toman1997,
  author = {David Toman},
  title = {A Point-based Temporal Extension of SQL},
  booktitle = {In International Conference on Deductive and Object-Oriented Databases},
  year = {1997},
  pages = {103--121},
  file = {:/home/jose/Documentos/fpi/TO-READ/toman.ps:PostScript},
  owner = {jose},
  timestamp = {2012.07.31}
}

@INPROCEEDINGS{Torp1998,
  author = {Torp, K. and Jensen, C.S. and Snodgrass, R.T.},
  title = {Stratum approaches to temporal DBMS implementation},
  booktitle = {Database Engineering and Applications Symposium, 1998. Proceedings.
	IDEAS'98. International},
  year = {1998},
  pages = {4 -13},
  month = {jul},
  doi = {10.1109/IDEAS.1998.694346},
  issn = {1098-8068},
  keywords = {evaluation criteria;functionality reuse;integrated architecture;join
	algorithms;nontemporal DBMS;stratum approaches;stratum meta-architectures;temporal
	DBMS implementation;temporal indexes;software engineering;temporal
	databases;},
  owner = {jose},
  timestamp = {2012.11.22}
}

@INPROCEEDINGS{Tre2004,
  author = {Guy De Tr\'e and Rita M. M. De Caluwe and Henri Prade},
  title = {Null Values Revisited in Prospect of Data Integration},
  booktitle = {ICSNW},
  year = {2004},
  editor = {Mokrane Bouzeghoub and
	
	 Carole A. Goble and
	
	 Vipul Kashyap and
	
	 Stefano Spaccapietra},
  volume = {3226},
  series = {Lecture Notes in Computer Science},
  pages = {79-90},
  publisher = {Springer},
  file = {:/home/jose/Documentos/fpi/TO-READ/Tre204.pdf:PDF},
  owner = {jose},
  timestamp = {2012.04.23}
}

@INCOLLECTION{Tre2006,
  author = {Tr\'{e}, Guy and Weghe, Nico and Caluwe, Rita and Maeyer, Philippe},
  title = {Towards a Flexible Visualization Tool for Dealing with Temporal Data},
  booktitle = {Flexible Query Answering Systems},
  publisher = {Springer Berlin Heidelberg},
  year = {2006},
  editor = {Larsen, HenrikLegind and Pasi, Gabriella and Ortiz-Arroyo, Daniel
	and Andreasen, Troels and Christiansen, Henning},
  volume = {4027},
  series = {Lecture Notes in Computer Science},
  pages = {109-120},
  doi = {10.1007/11766254_10},
  isbn = {978-3-540-34638-8},
  keywords = {Time modelling; user interfaces; fuzzy set theory},
  owner = {jose},
  timestamp = {2012.12.23},
  url = {http://dx.doi.org/10.1007/11766254_10}
}

@ARTICLE{Tre2002,
  author = {Guy de Tre},
  title = {Extended possibilistic truth values},
  journal = {International Journal of Intelligent Systems},
  year = {2002},
  volume = {17},
  pages = {427-446},
  doi = {10.1002/int.10030},
  file = {:/home/jose/Documentos/fpi/TO-READ/tre2002.pdf:PDF},
  owner = {jose},
  timestamp = {2012.04.23}
}

@BOOK{Ullman1982,
  title = {Principles of Database Systems},
  publisher = {Computer Science Press},
  year = {1982},
  editor = {Potomac, Md.},
  author = {J. D. Ullman},
  owner = {jose},
  timestamp = {2012.04.23}
}

@ARTICLE{Umano1982,
  author = {Umano, Motohide},
  title = {FREEDOM-0: A FUZZY DATABASE SYSTEM.},
  journal = {Fuzzy Inf and Decis Processes},
  year = {1982},
  pages = {339-347},
  note = {cited By (since 1996) 36},
  owner = {jose},
  source = {Scopus},
  timestamp = {2012.04.23},
  url = {http://www.scopus.com/inward/record.url?eid=2-s2.0-0020337983&partnerID=40&md5=037445f53cf686d3446b5323bfbb670d}
}

@ARTICLE{Umano1980,
  author = {Umano, M. and Fukami, S.},
  title = {Retrieval Processing from Fuzzy Databases},
  journal = {Technical Reports of IECE of Japan},
  year = {1980},
  volume = {80},
  pages = {45 - 54},
  number = {204},
  owner = {jose},
  timestamp = {2012.03.05}
}

@INPROCEEDINGS{VanderCruyssen1997a,
  author = {Van der Cruyssen, B. and De Caluwe, R. and De Tr\'{e}, G.},
  title = {A Theoretical Fuzzy Time Model Based on Granularities},
  booktitle = {Proceedings of the 5th European Congress on Intelligent Techniques
	and Soft Computing},
  year = {1997},
  pages = {1127-1131},
  month = {Sep},
  publisher = {ELITE Foundation},
  owner = {jose},
  timestamp = {2012.03.05}
}

@ARTICLE{VanderCruyssen1997,
  author = {Van der Cruyssen, B. and De Caluwe, R.and De Tr\'{e}, G.},
  title = {A theoretical fuzzy time model based on granularities},
  journal = {EUFIT'97},
  year = {1997},
  pages = {1127--1131},
  month = {Sep},
  owner = {jose},
  publisher = {ELITE Foundation},
  timestamp = {2012.03.05}
}

@INPROCEEDINGS{Vassiliou1980,
  author = {Yannis Vassiliou},
  title = {Functional dependencies and incomplete information},
  booktitle = {Proc. 6th Int. Conf. on Very Large Data Bases},
  year = {1980},
  editor = {ACM, New York.},
  pages = {268-269},
  address = {Montreal, Ont. Canada},
  month = {Oct},
  file = {:/home/jose/Documentos/fpi/TO-READ/vassiliou1980.pdf:PDF},
  owner = {jose},
  timestamp = {2012.04.23}
}

@INPROCEEDINGS{Vassiliou1979,
  author = {Vassiliou, Yannis},
  title = {Null values in data base management a denotational semantics approach},
  booktitle = {Proceedings of the 1979 ACM SIGMOD international conference on Management
	of data},
  year = {1979},
  series = {SIGMOD '79},
  pages = {162--169},
  address = {New York, NY, USA},
  publisher = {ACM},
  acmid = {582123},
  doi = {10.1145/582095.582123},
  file = {:/home/jose/Documentos/fpi/TO-READ/vassiliou1979.pdf:PDF},
  isbn = {0-89791-001-X},
  location = {Boston, Massachusetts},
  numpages = {8},
  owner = {jose},
  timestamp = {2012.04.23},
  url = {http://doi.acm.org/10.1145/582095.582123}
}

@ARTICLE{Vila1994,
  author = {M. A. Vila and J. C. Cubero and J. M. Medina and O. Pons},
  title = {A logic approach to fuzzy relational databases},
  journal = {International Journal of Intelligent Systems},
  year = {1994},
  volume = {9},
  pages = {449-460},
  doi = {10.1002/int.4550090505},
  owner = {jose},
  timestamp = {2012.04.23}
}

@ARTICLE{Virant1996,
  author = {J. Virant and N. Zimic},
  title = {Attention to time in fuzzy logic},
  journal = {Fuzzy Sets and Systems},
  year = {1996},
  volume = {82},
  pages = {39 - 49},
  number = {1},
  issn = {0165-0114},
  keywords = {Approximate reasoning},
  owner = {jose},
  timestamp = {2012.03.05}
}

@ARTICLE{Wang1997,
  author = {Wang, X. Sean and Bettini, Claudio and Brodsky, Alexander and Jajodia,
	Sushil},
  title = {Logical design for temporal databases with multiple granularities},
  journal = {ACM Trans. Database Syst.},
  year = {1997},
  volume = {22},
  pages = {115--170},
  number = {2},
  month = jun,
  acmid = {249979},
  address = {New York, NY, USA},
  doi = {10.1145/249978.249979},
  file = {:/home/jose/Documentos/fpi/TO-READ/p115-wang.pdf:PDF},
  issn = {0362-5915},
  issue_date = {June 1997},
  keywords = {Boyce-Codd normal form, graularity, normalization, temporal databases,
	temporal modules, temporal relations, third normal form},
  numpages = {56},
  owner = {jose},
  publisher = {ACM},
  timestamp = {2012.07.30},
  url = {http://doi.acm.org/10.1145/249978.249979}
}

@INPROCEEDINGS{Wang1993,
  author = {X. Sean Wang and Sushil Jajodia and V. S. Subrahmanian},
  title = {Temporal Modules: An Approach Toward Federated Temporal Databases},
  booktitle = {INFORMATION SYSTEMS},
  year = {1993},
  pages = {227--236},
  owner = {jose},
  timestamp = {2012.03.05}
}

@ARTICLE{Weghe2007,
  author = {Nico Van de Weghe and Roald Docter and Philippe De Maeyer and Babette
	Bechtold and Karen Ryckbosch},
  title = {The triangular model as an instrument for visualising and analysing
	residuality},
  journal = {Journal of Archaeological Science},
  year = {2007},
  volume = {34},
  pages = {649 - 655},
  number = {4},
  doi = {10.1016/j.jas.2006.07.007},
  issn = {0305-4403},
  owner = {jose},
  timestamp = {2012.12.23},
  url = {http://www.sciencedirect.com/science/article/pii/S030544030600149X}
}

@ELECTRONIC{ejbwiki2012,
  author = {wikipedia},
  title = {Enterprise JavaBeans},
  howpublished = {\url{http://en.wikipedia.org/wiki/Enterprise_JavaBeans}},
  organization = {Wikipedia.},
  url = {\url{http://en.wikipedia.org/wiki/Enterprise_JavaBeans}},
  owner = {jose},
  timestamp = {2012.11.20}
}

@MISC{qbe,
  author = {Wikipedia},
  title = {Query by Example},
  howpublished = {\url{http://en.wikipedia.org/wiki/Query_by_Example}},
  organization = {Wikipedia},
  url = {\url{http://en.wikipedia.org/wiki/Query_by_Example}},
  owner = {jose},
  timestamp = {2012.11.21}
}

@INCOLLECTION{Wu1998,
  author = {Wu, Yu and Jajodia, Sushil and Wang, X.},
  title = {Temporal database bibliography update},
  booktitle = {Temporal Databases: Research and Practice},
  publisher = {Springer Berlin / Heidelberg},
  year = {1998},
  editor = {Etzion, Opher and Jajodia, Sushil and Sripada, Suryanarayana},
  volume = {1399},
  series = {Lecture Notes in Computer Science},
  pages = {338-366},
  note = {10.1007/BFb0053709},
  affiliation = {George Mason University Center for Secure Information Systems Department
	of Information & Software Systems Engineering 22030-4444 Fairfax
	VA},
  isbn = {978-3-540-64519-1},
  keyword = {Computer Science},
  owner = {jose},
  timestamp = {2012.03.05},
  url = {http://dx.doi.org/10.1007/BFb0053709}
}

@ARTICLE{Yager1988,
  author = {Yager, Ronald R.},
  title = {On ordered weighted averaging aggregation operators in multicriteria
	decisionmaking},
  journal = {IEEE Trans. Syst. Man Cybern.},
  year = {1988},
  volume = {18},
  pages = {183--190},
  number = {1},
  month = jan,
  acmid = {46950},
  address = {Piscataway, NJ, USA},
  doi = {10.1109/21.87068},
  issn = {0018-9472},
  issue_date = {January/February 1988},
  numpages = {8},
  owner = {jose},
  publisher = {IEEE Press},
  timestamp = {2012.12.15},
  url = {http://dx.doi.org/10.1109/21.87068}
}

@ARTICLE{Zadeh1971,
  author = {L.A. Zadeh},
  title = {Similarity relations and fuzzy orderings},
  journal = {Information Sciences},
  year = {1971},
  volume = {3},
  pages = {177 - 200},
  number = {2},
  doi = {10.1016/S0020-0255(71)80005-1},
  file = {:/home/jose/Documentos/fpi/TO-READ/1-s2.0-S0020025571800051-main.pdf:PDF},
  issn = {0020-0255},
  owner = {jose},
  timestamp = {2012.04.23},
  url = {http://www.sciencedirect.com/science/article/pii/S0020025571800051}
}

@ARTICLE{Zadeh1975,
  author = {Lotfi A. Zadeh},
  title = {The concept of a linguistic variable and its application to approximate
	reasoning - I},
  journal = {Inf. Sci.},
  year = {1975},
  volume = {8},
  pages = {199-249},
  number = {3},
  owner = {jose},
  timestamp = {2012.03.05}
}

@ARTICLE{Zadeh1965,
  author = {{Lotfi A.} Zadeh},
  title = {Fuzzy Sets},
  journal = {Information and Control},
  year = {1965},
  volume = {8},
  pages = {338-353},
  issn = {0019-9958},
  issue = {3},
  numpages = {16},
  owner = {jose},
  publisher = {Academic Press},
  timestamp = {2012.03.05}
}

@INPROCEEDINGS{Zadrozny2006,
  author = {Zadrozny, S. and Kacprzyk, J.},
  title = {Bipolar Queries and Queries with Preferences (Invited Paper)},
  booktitle = {Database and Expert Systems Applications, 2006. DEXA '06. 17th International
	Workshop on},
  year = {2006},
  pages = {415 -419},
  month = {0-0 },
  doi = {10.1109/DEXA.2006.36},
  issn = {1529-4188},
  keywords = {bipolar query;query with preference;relational algebra operator winnow;winnow
	operator fuzzy version;fuzzy set theory;query processing;relational
	algebra;},
  owner = {jose},
  timestamp = {2012.12.15}
}

@INBOOK{Zadrozny2008,
  chapter = {An overview of fuzzy approaches to flexible database querying},
  pages = {34--54},
  title = {Handbook of Research on Fuzzy Information Processing in Databases},
  publisher = {Information Science Reference},
  year = {2008},
  author = {Zadrozny, S. and de Tr\'{e}, G. and de Caluwe, R. and Kacprzyk, J},
  address = {New York, USA},
  owner = {jose},
  timestamp = {2012.12.15}
}

@ARTICLE{Zadrozny2010,
  author = {Slawomir Zadrozny and Guy De Tre and Janusz Kacprzyk},
  title = {Remarks on Various Aspects of Bipolarity in Database Querying},
  journal = {2012 23rd International Workshop on Database and Expert Systems Applications},
  year = {2010},
  volume = {0},
  pages = {323-327},
  address = {Los Alamitos, CA, USA},
  doi = {http://doi.ieeecomputersociety.org/10.1109/DEXA.2010.70},
  issn = {1529-4188},
  owner = {jose},
  publisher = {IEEE Computer Society},
  timestamp = {2012.12.15}
}

@INPROCEEDINGS{Zaniolo1982,
  author = {Carlo Zaniolo},
  title = {Database Relations with Null Values},
  booktitle = {Proceedings of the ACM SIGACT-SIGMOD Symposium on Principles of Database
	Systems},
  year = {1982},
  editor = {ACM New York},
  pages = {27-33},
  address = {Los Angeles, Calif.},
  month = {March},
  file = {:/home/jose/Documentos/fpi/TO-READ/zaniolo1982.pdf:PDF},
  owner = {jose},
  timestamp = {2012.04.23}
}

@ARTICLE{Zemankova-Leech1984,
  author = {Zemankova-Leech, M. and Kandel, A.},
  title = {Fuzzy Relational Databases - A Key to Expert Systems},
  journal = {Journal of the American Society for Information Science},
  year = {1984},
  volume = {37},
  pages = {272-273},
  doi = {10.1002/(SICI)1097-4571(198607)37:4<272::AID-ASI15>3.0.CO;2-U},
  owner = {jose},
  timestamp = {2012.03.05}
}

@BOOK{Yager1997,
  title = {The ordered weighted averaging operators: theory and applications},
  publisher = {Kluwer Academic Publishers},
  year = {1997},
  editor = {Yager, Ronald R. and Kacprzyk, Janusz},
  address = {Norwell, MA, USA},
  isbn = {0-7923-9934-X},
  owner = {jose},
  timestamp = {2012.12.15}
}

@MISC{converting,
  title = {Converting between Julian dates and Gregorian calendar dates},
  howpublished = {http://www.usno.navy.mil/USNO/astronomical-applications/astronomical-information-center/julian-date-form/?searchterm=Julian%20Date},
  key = {{Converting between Julian dates and Gregorian calendar dates}},
  organization = {Naval Oceanography Portal (The United States Naval Observatory)},
  owner = {jose},
  timestamp = {2012.03.05}
}

@MISC{corbawiki2012,
  title = {Common Object Request Broker Architecture},
  organization = {Wikpedia},
  note = {Accessed on Nov. 2012},
  url = {\url{http://en.wikipedia.org/wiki/Common_Object_Request_Broker_Architecture}},
howpublished = {\url{http://en.wikipedia.org/wiki/Common_Object_Request_Broker_Architecture}},
  owner = {jose},
  timestamp = {2012.11.19}
}

@MISC{gregoriancalendar2012,
  title = {Calendario Gregoriano},
  howpublished = {\url{http://es.wikipedia.org/wiki/Calendario_gregoriano}},
  owner = {jose},
  timestamp = {2012.06.13}
}

@MISC{infowiki2012,
  title = {Information},
  howpublished = {\url{http://en.wikipedia.org/wiki/Information}},
  note = {Accessed on June 2012},
  owner = {jose},
  timestamp = {2012.06.11}
}

@MISC{iswiki2012,
  title = {Information System discipline},
  howpublished = {\url{http://en.wikipedia.org/wiki/Information_systems_%28discipline%29}},
  note = {Accessed on June 2012.},
  owner = {jose},
  timestamp = {2012.06.11}
}

@MISC{javabeans2012,
  title = {JavaBeans},
  howpublished = {\url{http://en.wikipedia.org/wiki/JavaBeans}},
  organization = {wikipedia},
  note = {Accessed on Nov. 2012},
  url = {\url{http://en.wikipedia.org/wiki/JavaBeans}},
  owner = {jose},
  timestamp = {2012.11.19}
}

@MISC{Lea,
  title = {Leap second},
  howpublished = {http://en.wikipedia.org/wiki/Leap\_second},
  key = {{Leap second}},
  owner = {jose},
  timestamp = {2012.03.05}
}

@MISC{Nis,
  title = {The official U.S time},
  howpublished = {http://nist.time.gov/},
  key = {{The official U.S time}},
  organization = {NIST: National Institute of Standards and Technology},
  owner = {jose},
  timestamp = {2012.03.05}
}

@MISC{pojo2012,
  title = {Plain Old Java Object},
  howpublished = {\url{http://en.wikipedia.org/wiki/Plain_Old_Java_Object}},
  organization = {wikipedia},
  note = {Accessed on Nov. 2012.},
  url = {\url{http://en.wikipedia.org/wiki/Plain_Old_Java_Object}},
  owner = {jose},
  timestamp = {2012.11.19}
}

@MISC{Sch,
  title = {Smithsonian Astrophysical Observatory},
  howpublished = {http://www.cfa.harvard.edu/sao/},
  key = {{Smithsonian Astrophysical Observatory}},
  organization = {Smithsonian Astrophysical Observatory},
  owner = {jose},
  timestamp = {2012.03.05}
}

@MISC{superwaba2012,
  url = {http://www.superwaba.com.br/},
  owner = {jose},
  timestamp = {2012.04.26}
}

@INBOOK{,
  chapter = {Aspects of Dealing with Imperfect Data in Temporal Databases},
  pages = {31},
  title = {Dedicated to Patrick Bosck},
  owner = {jose},
  timestamp = {2012.11.09}
}

@PERIODICAL{,
  title = {Fundamenta Informaticae},
  abbr = {Fundam. Inf.},
  address = {Amsterdam, The Netherlands, The Netherlands},
  issn = {0169-2968},
  key = {{$\!\!$}},
  owner = {jose},
  publisher = {IOS Press},
  timestamp = {2012.03.05}
}

@MANUAL{,
  title = {Native datatypes},
  organization = {Oracle Corp.},
  owner = {jose},
  timestamp = {2012.03.05},
  url = {http://download.oracle.com/docs/cd/B19306_01/server.102/b14220/datatype.htm}
}

@MANUAL{,
  title = {The DATETIME,DATE and TIMESTAMP types},
  organization = {MySQL AB.},
  owner = {jose},
  timestamp = {2012.03.05},
  url = {http://dev.mysql.com/doc/refman/5.1/en/datetime.html}
}

@MANUAL{,
  title = {Date/Time types},
  organization = {Postgree SQL},
  owner = {jose},
  timestamp = {2012.03.05},
  url = {http://www.postgresql.org/docs/7.4/static/datatype-datetime.html}
}

@MANUAL{,
  title = {Date/Time Functions and operators},
  organization = {Postgree SQL},
  owner = {jose},
  timestamp = {2012.03.05},
  url = {http://www.postgresql.org/docs/8.0/interactive/functions-datetime.html}
}

@MANUAL{2009,
  title = {Oracle Database 11g Workspace Manager Support for Oracle Spatial
	Topology Data Model},
  organization = {Oracle Corp},
  month = {09},
  year = {2009},
  owner = {jose},
  timestamp = {2012.03.05}
}

@MANUAL{Oracle2009,
  title = {Oracle database 11g Workspace Manager Overview},
  organization = {Oracle Corp.},
  month = {09},
  year = {2009},
  owner = {jose},
  timestamp = {2012.03.05}
}

@MISC{sei2007,
  title = {Definition of Information System},
  howpublished = {\url{http://www.sei.cmu.edu/publications/documents/03.reports/03tr002/03tr002glossary.html}},
  month = {09},
  year = {2007},
  owner = {jose},
  timestamp = {2012.06.11}
}

@MANUAL{2004,
  title = {Data elementes and interchange formats -Information interchange -
	Representation of dates and times},
  organization = {International Standard Office},
  month = {12},
  year = {2004},
  owner = {jose},
  timestamp = {2012.03.05}
}

@comment{jabref-meta: selector_review:}

@comment{jabref-meta: selector_publisher:}

@comment{jabref-meta: selector_author:}

@comment{jabref-meta: selector_journal:}

@comment{jabref-meta: selector_keywords:}

