@article{Dubois2007,
author = {Dubois, Didier and Hadjali, Allel and Prade, Henri},
journal = {International Journal of Intelligent Systems},
number = {2},
pages = {157--179},
title = {{A Possibility Theory-Based Approach to the Handling of Uncertain Relations between Temporal Points}},
volume = {22},
year = {2007}
}

@article{Allen1991,
author = {Allen, James F.},
title = {Time and Time Again: The many Ways to Represent Time},
journal = {International Journal of Intelligent Systems},
year = {1991},
volume = {6},
pages = {341--355},
number = {4}
}

@article{Allen1984,
author = {Allen, James F.},
journal = {Artificial Intelligence},
number = {2},
pages = {123--154},
title = {{Towards a General Theory of Action and Time}},
volume = {23},
year = {1984}
}


@ARTICLE{DeCaluwe1999,
  author = {De Caluwe, Rita and Devos, Filip and Maesfranckx, Patricia and De Tr\'{e}, Guy and Van der Cruyssen, Bart},
  title = {The Semantics and Modelling of Flexible Time Indications.},
  journal = {Computing with Words in Information / Intelligent Systems},
  year = {1999},
  volume = {1},
  pages = {229-256}
}


@ARTICLE{Devos1994,
  author = {Devos, Filip and Van Gyseghem, N. and Vandenberghe, R. and De Caluwe, R.},
  title = {Modelling Vague Lexical Time Expressions by Means of Fuzzy Set Theory},
  journal = {Journal of Quantitative Linguistics},
  year = {1994},
  volume = {1},
  pages = {189-194},
  number = {3}
}


@ARTICLE{Dubois2003,
  author = {Dubois, Didier and Hadjali, Allel and Prade, Henri},
  title = {Fuzziness and Uncertainty in Temporal Reasoning},
  journal = {Journal of Universal Computer Science},
  year = {2003},
  volume = {9},
  pages = {1168--1194},
  number = {9}
}


@ARTICLE{Pons2012a,
  author = {Pons, Jose Enrique and Mar\'{i}n, Nicol\'{a}s and Pons, Olga and Billiet, Christophe and De Tr\'{e}, Guy},
  title = {A Relational Model for the Possibilistic Valid-Time approach},
  journal = {International Journal of Computational Intelligence Systems},
  year = {2012},
  volume = {5},
  pages = {1068-1088},
  number = {6}
}

@ARTICLE{Medina1994,
  author = {Medina, Juan Miguel and Pons, Olga and Amparo Vila, Maria},
  title = {GEFRED. A Generalized Model of Fuzzy Relational Databases},
  journal = {Information Sciences},
  year = {1994},
  volume = {76},
  pages = {87-109},
  issue = {1-2}
}


@ARTICLE{Schockaert2008,
  author = {Schockaert, Steven and De Cock, Martine and Kerre, Etienne E.},
  title = {Fuzzifying Allen's Temporal Interval Relations},
  journal = {Fuzzy Systems, IEEE Transactions on},
  year = {2008},
  volume = {16},
  pages = {517 -533},
  number = {2}
}

@ARTICLE{Dubois1988,
  author = {Didier Dubois and Henri Prade},
  title = {Incomplete Conjunctive Information},
  journal = {Computers {\&} Mathematics with Applications},
  year = {1988},
  volume = {15},
  pages = {797-810},
	number = {10}
}

@ARTICLE{Dubois1983,
  author = {Didier Dubois and Henri Prade},
  title = {Ranking Fuzzy Numbers in the Setting of Possibility Theory},
  journal = {Information Sciences},
  year = {1983},
  volume = {30},
  pages = {183-224},
	number = {3}
}

@ARTICLE{Zadeh1965,
  author = {{Lotfi A.} Zadeh},
  title = {Fuzzy Sets},
  journal = {Information and Control},
  year = {1965},
  volume = {8},
  pages = {338-353},
	number = {3}
}


@ARTICLE{Weghe2007,
  author = {Van de Weghe, N. and Docter, R. and De Maeyer, P. and Bechtold, B. and Ryckbosch, K.},
  title = {The triangular model as an instrument for visualising and analysing
	residuality},
  journal = {Journal of Archaeological Science},
  year = {2007},
  volume = {34},
  pages = {649 - 655},
  number = {4}
}


@ARTICLE{Kulpa1997,
  author = {Kulpa, Zenon},
  title = {Diagrammatic Representation of Interval Space in Proving Theorems
	about Interval Relations},
  journal = {Reliable Computing},
  year = {1997},
  volume = {3},
  pages = {209-217},
	number = {3}
}

@ARTICLE{Bolour1982,
  author = {Bolour, Azad and Anderson, Tera Lougenia and Dekeyser, L. J. and Wong, Henry K. T.},
  title = {The Role of Time in Information Processing: a Survey},
  journal = {ACM SIGMOD Record},
  year = {1982},
  volume = {12},
  pages = {27-50},
  number = {3}
}

@ARTICLE{VanderCruyssen1997,
  author = {Van der Cruyssen, B. and De Caluwe, R.and De Tr\'{e}, G.},
  title = {A Theoretical Fuzzy Time Model Based on Granularities},
  journal = {EUFIT'97},
  year = {1997},
  pages = {1127--1131}
}

@ARTICLE{Dyreson1994,
  author = {{Curtis E.} Dyreson et al.},
  journal = {SIGMOD Record},
  number = {1},
  pages = {52--64},
  title = {{A Consensus Glossary of Temporal Database Concepts}},
  volume = {23},
  year = {1994}
}

@ARTICLE{Allen1983,
  author = {Allen, James F.},
  title = {Maintaining Knowledge About Temporal Intervals},
  journal = {Communications of the ACM},
  year = {1983},
  volume = {26},
  pages = {832--843},
  number = {11}
}

@ARTICLE{Pons2011,
  author = {Pons, Jose Enrique and Bronselaer, Antoon and De Tr\'{e}, Guy and Pons, Olga},
  title = {Possibilistic Evaluation of Sets},
  journal = {International Journal of Uncertainty, Fuzziness and Knowledge-Based Systems},
  year = {2012},
  note = {Accepted for publication}
}

@INPROCEEDINGS{Jensen1998,
  author = {{Michael H.} B\"{o}hlen et al.},
  booktitle = {Lecture Notes in Computer Science},
  pages = {367--405},
  title = {{The Consensus Glossary of Temporal Database Concepts-February 1998 Version}},
  volume = {1399/1998},
  year = {1998}
}

@INPROCEEDINGS{DeTre2012,
  author = {De Tr\'{e}, Guy and Bronselaer, Antoon and Billiet, Christophe and Qiang, Yi and Van de Weghe, Nico and De Maeyer, Philippe and Pons, Jos\'{e} Enrique and Pons, Olga},
  title = {Visualising and Handling Uncertain Time Intervals in a Two-dimensional
	Triangular Space},
  booktitle = {Proceedings of the 2nd World Conference on Soft Computing},
  year = {2012},
  pages = {585--592}
}

@INPROCEEDINGS{Billiet2012,
  author = {Billiet, Christophe and Pons, Jos\'{e} Enrique and Pons Capote, Olga and De Tr\'{e}, Guy},
  title = {Evaluating Possibilistic Valid-Time Queries},
  booktitle = {Communications in Computer and Information Science},
  year = {2012},
  volume = {297},
  pages = {410--419}
}

@INPROCEEDINGS{JoseEnriquePons2012,
  author = {Pons, Jos\'{e} Enrique and Billiet, Christophe and Pons Capote, Olga and De Tr\'{e}, Guy},
  title = {A possibilistic Valid-time Model},
  booktitle = {Communications in Computer and Information Science},
  year = {2012},
	volume = {297},
	pages = {420--429}
}

@INPROCEEDINGS{Bohlen1998,
  author = {B\"{o}hlen, Michael H. and Busatto, Renato and Jensen, Christian S.},
  title = {Point- Versus Interval-based Temporal Data Models},
  booktitle = {Proceedings of the 14th International Conference on Data Engineering},
  year = {1998},
  pages = {192 -200}
}

@BOOK{Dubois1988a,
  title = {Possibility Theory: An Approach to Computerized Processing of Uncertainty},
  publisher = {Plenum Press},
  year = {1988},
  author = {Didier Dubois and Henri Prade},
  address = {New York}
}
