% This file was created with JabRef 2.7.2.
% Encoding: UTF-8

@ARTICLE{Allen1983,
  author = {Allen, J. F.},
  title = {Maintaining Knowledge About Temporal Intervals},
  journal = {Commun. ACM},
  year = {1983},
  volume = {26},
  pages = {832--843},
  acmid = {358434},
  address = {New York, NY, USA},
  issn = {0001-0782},
  issue = {11},
  keywords = {interval reasoning, interval representation, temporal interval},
  numpages = {12},
  owner = {jose},
  publisher = {ACM},
  timestamp = {2012.03.05}
}

@INPROCEEDINGS{Billiet2011,
  author = {Billiet, Christophe and Pons, Jose Enrique and Matth\'e, Tom and
	De Tr\'e, Guy and Pons Capote, Olga},
  title = {Bipolar Fuzzy Querying of Temporal Databases},
  booktitle = {LNAI},
  year = {2011},
  volume = {7022},
  pages = {60-71},
  address = {Ghent, Belgium},
  month = {Octobre},
  publisher = {Springer}
}

@INPROCEEDINGS{Bohlen1998,
  author = {Bohlen, M.H. and Busatto, R. and Jensen, C.S.},
  title = {Point-versus interval-based temporal data models},
  booktitle = {Data Engineering, 1998. Proceedings., 14th Int. Conf. on},
  year = {1998},
  pages = {192 -200},
  month = feb,
  issn = {1063-6382},
  keywords = {attribute values;data items;database design;formal basis;interval
	based models;interval based temporal data models;point based temporal
	data models;query language properties;query languages;query optimization
	opportunities;query processing techniques;snapshot equivalent argument
	relations;snapshot equivalent relations;time fragment preservation;time
	varying information;timestamps;tuples;data structures;query languages;query
	processing;temporal databases;temporal logic;},
  owner = {jose},
  timestamp = {2012.03.05}
}

@ARTICLE{Bolour1982,
  author = {Bolour, A. and Anderson, T. L. and Dekeyser, L. J. and Wong, H. K.
	T.},
  title = {The Role of Time in Information Processing: a Survey},
  journal = {ACM SIGMOD Record},
  year = {1982},
  volume = {12},
  pages = {27-50},
  month = {April},
  acmid = {984508},
  address = {New York, NY, U.S.A.},
  issn = {0163-5808},
  issue = {3},
  numpages = {24},
  owner = {jose},
  publisher = {ACM},
  timestamp = {2012.03.05}
}

@ARTICLE{Bosc2010a,
  author = {Bosc, P. and Pivert, O.},
  title = {Modeling and querying uncertain relational databases: A survey of
	approaches based on the possible worlds semantics},
  journal = {Int. J. Uncertainty Fuzziness Knowlege-Based Syst.},
  year = {2010},
  volume = {18},
  pages = {565-603},
  number = {5}
}

@ARTICLE{Dekhtyar2001,
  author = {Dekhtyar, Alex and Ross, Robert and Subrahmanian, V. S.},
  title = {Probabilistic temporal databases, I: algebra},
  journal = {ACM Trans. Database Syst.},
  year = {2001},
  volume = {26},
  pages = {41--95},
  month = {March},
  acmid = {383736},
  address = {New York, NY, USA},
  issn = {0362-5915},
  issue = {1},
  numpages = {55},
  owner = {jose},
  publisher = {ACM},
  timestamp = {2012.03.05}
}

@ARTICLE{Dubois2003,
  author = {Didier Dubois and A. HadjAli and Henri Prade},
  title = {Fuzziness and Uncertainty in Temporal Reasoning},
  journal = {Journal of Universal Computer Science},
  year = {2003},
  volume = {9},
  pages = {1168--1194},
  number = {9},
  month = {jan},
  owner = {jose},
  timestamp = {2012.03.05}
}

@ARTICLE{DuBois1989,
  author = {Didier DuBois and Henri Prade},
  title = {Processing fuzzy temporal knowledge},
  journal = {IEEE Transactions on Systems, Man, and Cybernetics},
  year = {1989},
  volume = {19},
  pages = {729--744},
  masid = {1160174}
}

@BOOK{Dubois1988a,
  title = {Possibility Theory: An Approach to Computerized Processing of Uncertainty},
  publisher = {Plenum Press},
  year = {1988},
  author = {Didier Dubois and Henri Prade},
  address = {New York},
  owner = {jose},
  timestamp = {2012.03.05}
}

@ARTICLE{Dubois1983,
  author = {Didier Dubois and Henri Prade},
  title = {Ranking Fuzzy Numbers in the Setting of Possibility Theory},
  journal = {Information Sciences},
  year = {1983},
  volume = {30},
  pages = {183-224},
  address = {52 Vanderbilt Ave., New York, U.S.A.},
  issn = {0020-0255},
  issue = {3},
  numpages = {42},
  owner = {jose},
  publisher = {Elsevier Science Publishing Co. Inc.},
  timestamp = {2012.03.05}
}

@ARTICLE{Dyreson1994,
  author = {Dyreson, C. and Grandi, F. et al.},
  title = {A Consensus Glossary of Temporal Database Concepts},
  journal = {SIGMOD Rec.},
  year = {1994},
  volume = {23},
  pages = {52--64},
  acmid = {181560},
  address = {New York, NY, USA},
  issn = {0163-5808},
  issue = {1},
  numpages = {13},
  publisher = {ACM}
}

@INPROCEEDINGS{Galindo1998,
  author = {Galindo, Jos\rq{e} and Medina, Juan and Pons, Olga and Cubero, Juan},
  title = {A Server for Fuzzy SQL Queries},
  booktitle = {Flexible Query Answering Systems},
  year = {1998},
  editor = {Andreasen, Troels and Christiansen, Henning and Larsen, Henrik},
  volume = {1495},
  series = {LNCS},
  pages = {164-174},
  publisher = {Springer Berlin / Heidelberg},
  isbn = {978-3-540-65082-9}
}

@ARTICLE{Garrido2009,
  author = {Garrido, C. and Marin, N. and Pons, O.},
  title = {Fuzzy Intervals to Represent Fuzzy Valid Time in a Temporal Relational
	Database},
  journal = {Int. J. Uncertainty Fuzziness Knowlege-Based Syst.},
  year = {2009},
  volume = {17},
  pages = {173--192},
  issue = {suppl. 1}
}

@ARTICLE{Jensen1991,
  author = {Jensen, C. S. and Mark, L. and Roussopoulos, N.},
  title = {Incremental Implementation Model for Relational Databases with Transaction
	Time},
  journal = {IEEE Trans. Knowl. Data Eng.},
  year = {1991},
  volume = {3},
  pages = {461--473},
  acmid = {627484},
  address = {Piscataway, NJ, USA},
  issn = {1041-4347},
  issue = {4},
  keywords = {data retrieval, database theory, decremental computations, deferred
	update, differential computation, historical data, incremental computations,
	partitioned storage models, queries, relational data model, relational
	databases, stored views, transaction time, view materialization},
  numpages = {13},
  publisher = {IEEE Educational Activities Department}
}

@INPROCEEDINGS{Jensen1995,
  author = {Christian S. Jensen and Richard T. Snodgrass and Michael D. Soo},
  title = {The TSQL2 Data Model},
  booktitle = {The TSQL2 Temporal Query Language},
  year = {1995},
  pages = {153--238},
  owner = {jose},
  timestamp = {2012.03.05}
}

@MASTERSTHESIS{Lin1997a,
  author = {Hong Lin and {Christian S.} Jensen (codirector) and {Michael H.}
	Bohlen and Renato Busatto and Heidi Gregersen and Kristian Torp and
	{Richard T.} Snodgrass (codirector) and Anindya Datta and Sudha Ram},
  title = {Efficient Conversion Between Temporal Granularities},
  school = {The University of Arizona},
  year = {1997},
  owner = {jose},
  timestamp = {2012.03.05}
}

@ARTICLE{Medina1994,
  author = {{J.M.} Medina and Olga Pons and {J.C.} Cubero},
  title = {GEFRED. A Generalized Model of Fuzzy Relational Databases},
  journal = {Information Sciences},
  year = {1994},
  volume = {76},
  pages = {87-109},
  issue = {1-2},
  owner = {jose},
  timestamp = {2012.03.05}
}

@INPROCEEDINGS{Nascimento1995,
  author = {Nascimento, M. A. and Eich, M. H. },
  title = {Decision Time in Temporal Databases},
  booktitle = {Proceedings of the 2nd Int. Workshop on Temporal Representation and
	Reasoning},
  year = {1995},
  pages = {157--162}
}

@ARTICLE{Ohlbach2004,
  author = {Ohlbach, Hans J.},
  title = {Relations Between Fuzzy Time Intervals},
  journal = {International Symposium on Temporal Representation and Reasoning},
  year = {2004},
  volume = {0},
  pages = {44--51},
  address = {Los Alamitos, CA, USA},
  issn = {1530-1311},
  publisher = {IEEE Computer Society}
}

@INCOLLECTION{Parisi2010,
  author = {Francesco Parisi and Austin Parker and John Grant and V. S. Subrahmanian},
  title = {Scaling Cautious Selection in Spatial Probabilistic Temporal Databases},
  booktitle = {Methods for Handling Imperfect Spatial Information},
  publisher = {Springer},
  year = {2010},
  pages = {307-340},
  bibsource = {DBLP, http://dblp.uni-trier.de}
}

@UNPUBLISHED{Pons2011,
  author = {Pons, Jos\'e Enrique and Bronselaer, Antoon and De Tr\'e, Guy and
	Pons, Olga},
  title = {Possibilistic Evaluation of Sets},
  note = {Submitted to the Int. J. Uncertainty Fuzziness Knowlege-Based Syst.},
  year = {2011}
}

@ARTICLE{Schockaert2008,
  author = {Schockaert, S. and De Cock, M. and Kerre, E.E.},
  title = {Fuzzifying Allen's Temporal Interval Relations},
  journal = {Fuzzy Systems, IEEE Transactions on},
  year = {2008},
  volume = {16},
  pages = {517 -533},
  number = {2},
  month = {april },
  issn = {1063-6706},
  keywords = {fuzzy orderings;fuzzy set;fuzzy temporal reasoning;fuzzy time interval;question
	answering systems;temporal interval relations;transitivity table;fuzzy
	reasoning;fuzzy set theory;temporal reasoning;}
}

@INPROCEEDINGS{Snodgrass1984,
  author = {Snodgrass, Richard},
  title = {The temporal query language TQuel},
  booktitle = {Proceedings of the 3rd ACM SIGACT-SIGMOD},
  year = {1984},
  pages = {204--213},
  address = {New York, NY, USA},
  publisher = {ACM},
  isbn = {0-89791-128-8},
  location = {Waterloo, Ontario, Canada},
  numpages = {10}
}

@BOOK{Snodgrass2000,
  title = {Developing time-oriented database applications in SQL},
  publisher = {Morgan Kaufmann Publishers Inc.},
  year = {2000},
  author = {Snodgrass, Richard Thomas},
  address = {San Francisco, CA, USA},
  file = {:/home/jose/Documentos/fpi/TO-READ/snodgrass200.pdf:PDF},
  isbn = {1-55860-436-7},
  owner = {jose},
  timestamp = {2012.04.11}
}

@INPROCEEDINGS{VanderCruyssen1997a,
  author = {Van der Cruyssen, B. and De Caluwe, R. and De Tr\'{e}, G.},
  title = {A Theoretical Fuzzy Time Model Based on Granularities},
  booktitle = {Proceedings of the 5th European Congress on Intelligent Techniques
	and Soft Computing},
  year = {1997},
  pages = {1127-1131},
  month = {Sep},
  publisher = {ELITE Foundation}
}

@ARTICLE{Zadeh1965,
  author = {{Lotfi A.} Zadeh},
  title = {Fuzzy Sets},
  journal = {Information and Control},
  year = {1965},
  volume = {8},
  pages = {338-353},
  file = {:/home/jose/Documentos/fpi/TO-READ/zadeh1965.pdf:PDF},
  issn = {0019-9958},
  issue = {3},
  numpages = {16},
  publisher = {Academic Press}
}

