@article{Pons2012ijcis,
author = {Pons, Jose Enrique et al.},
journal = {International Journal of Computational Intelligence Systems},
number = {6},
pages = {1068--1088},
title = {{A Relational Model for the Possibilistic Valid-time Approach}},
volume = {5},
year = {2012}
}

@article{Pons2013ijufkbs,
author = {Bronselaer, Antoon and Pons, Jos\'{e} Enrique and De Tr\'{e}, Guy and Pons, Olga},
title = {Possibilistic Evaluation of Sets},
journal = {Accepted for publication in the International Journal of Uncertainty, Fuzziness and Knowledge-Based Systems},
year = {2013}
}

@article{Dubois1997fss,
author = {Dubois, Didier and Prade, Henri},
journal = {Fuzzy Sets and Systems},
number = {2},
pages = {141--150},
title = {{The Three Semantics of Fuzzy Sets}},
volume = {90},
year = {1997}
}

@article{Zadeh1978fss,
author = {Zadeh, Lotfi A.},
journal = {Fuzzy Sets and Systems},
number = {1},
pages = {3--28},
title = {{Fuzzy Sets as a Basis for a Theory of Possibility}},
volume = {1},
year = {1978}
}

@article{Allen1983cacm,
author = {Allen, James F.},
journal = {Communications of the ACM},
number = {11},
pages = {832--843},
title = {{Maintaining Knowledge about Temporal Intervals}},
volume = {26},
year = {1983}
}

@article{DeTre2010ieeetfs,
author = {{De Tr\'{e}}, Guy and Zadrozny, Slawomir and Bronselaer, Antoon J.},
journal = {IEEE Transactions on Fuzzy Systems},
number = {3},
pages = {599--612},
title = {{Handling Bipolarity in Elementary Queries to Possibilistic Databases}},
volume = {18},
year = {2010}
}

@article{Matthe2011ijis,
author = {Matth\'{e}, Tom and {De Tr\'{e}}, Guy and Zadrozny, Slawomir and Kacprzyk, Janusz},
journal = {International Journal of Intelligent Systems},
number = {10},
pages = {890--910},
title = {{Bipolar Database Querying Using Bipolar Satisfaction Degrees}},
volume = {26},
year = {2011}
}


@article{Medina1994is,
author = {Medina, Juan M. and Pons, Olga and Vila, Maria Amparo},
journal = {Information Sciences},
number = {1-2},
pages = {87--109},
title = {{Gefred: A Generalized Model of Fuzzy Relational Databases}},
volume = {76},
year = {1994}
}

@article{Garrido2009ijufkbs,
author = {Garrido, Carmen and Mar\'{\i}n, Nicol\'{a}s and Pons, Olga},
journal = {International Journal of Uncertainty, Fuzziness and Knowledge-Based Systems},
keywords = {data manipulation,fuzzy data,fuzzy interval,temporal database,temporal imperfection,temporal relationships,valid time},
number = {Suppl .1},
pages = {173--192},
title = {{Fuzzy Intervals To Represent Fuzzy Valid Time in a Temporal Relational Database}},
volume = {17},
year = {2009}
}

@article{Schockaert2008ieeetfs,
author = {Schockaert, Steven and {De Cock}, Martine and Kerre, Etienne E.},
journal = {IEEE Transactions on Fuzzy Systems},
keywords = {fuzzy ordering,fuzzy relation,interval algebra,question answering,temporal reasoning},
number = {2},
pages = {517--533},
title = {{Fuzzifying Allen?s Temporal Interval Relations}},
volume = {16},
year = {2008}
}

@article{Kacprzyk2001is,
author = {Kacprzyk, Janusz and Zadrozny, Slawomir},
journal = {Information Sciences},
keywords = {computing with words,database querying,flexible querying,fuzzy logic,fuzzy querying via internet,microsoft access},
number = {1-4},
pages = {71--109},
title = {{Computing with Words in Intelligent Database Querying: Standalone and Internet-based Applications}},
volume = {134},
year = {2001}
}

@article{DeCaluwe2007ijis,
author = {{De Caluwe}, Rita and {De Tr\'{e}}, Guy},
journal = {International Journal of Intelligent Systems},
number = {7},
pages = {661--663},
title = {{Preface to the Special Issue on Advances in Fuzzy Database Technology}},
volume = {22},
year = {2007}
}

@article{Dubois1988cma,
author = {Dubois, Didier and Prade, Henri},
journal = {Computers \& Mathematics with Applications},
number = {10},
pages = {797--810},
title = {{Incomplete Conjunctive Information}},
volume = {15},
year = {1988}
}

@article{Atanassov1986fss,
author = {Atanassov, Krassimir T.},
journal = {Fuzzy Sets and Systems},
keywords = {fuzzy set,intuitionistic fuzzy set,modal operator,topological operator},
number = {1},
pages = {87--96},
title = {{Intuitionistic Fuzzy Sets}},
volume = {20},
year = {1986}
}

@article{Bolour1982acm,
author = {Bolour, Azad and Anderson, Tera Lougenia and Dekeyser, L. J. and Wong, Henry K. T.},
journal = {ACM SIGART Bulletin},
number = {80},
pages = {28--46},
title = {{The Role of Time in Information Processing: A Survey}},
year = {1982}
}

@article{Jensen1999ieeetkde,
author = {Jensen, Christian S. and Snodgrass, Richard T.},
journal = {IEEE Transactions on Knowledge and Data Engineering},
number = {1},
pages = {36--44},
title = {{Temporal Data Management}},
volume = {11},
year = {1999}
}

@article{Dyreson1994sigmod,
author = {Dyreson, Curtis E. et al.},
journal = {SIGMOD Record},
number = {1},
pages = {52--64},
title = {{A Consensus Glossary of Temporal Database Concepts}},
volume = {23},
year = {1994}
}

@article{Bosc2010ijufkbs,
author = {Bosc, Patrick and Pivert, Olivier},
journal = {International Journal of Uncertainty, Fuzziness and Knowledge-Based Systems},
number = {5},
pages = {565--603},
title = {{Modeling and Querying Uncertain Relational Databases: A Survey of Approaches Based on the Possible Worlds Semantics}},
volume = {18},
year = {2010}
}

@article{Dyreson1998acm,
author = {Dyreson, Curtis E. and Snodgrass, Richard T.},
journal = {ACM Transactions on Database Systems},
number = {1},
pages = {1--57},
title = {{Supporting Valid-Time Indeterminacy}},
volume = {23},
year = {1998}
}

@article{Devos1998jql,
author = {Devos, Filip and Maesfranckx, Patricia and {De Tr\'{e}}, Guy},
journal = {Journal of Quantitative Linguistics},
number = {3},
pages = {167--173},
title = {{Granularity in the Interpretation of Around in Approximative Lexical Time Indications}},
volume = {5},
year = {1998}
}

@inproceedings{Billiet2012ipmu,
author = {Billiet, Christophe and Pons, Jose Enrique and {Pons Capote}, Olga and {De Tr\'{e}}, Guy},
booktitle = {CCIS},
volume = {297},
pages = {410--419},
title = {{Evaluating Possibilistic Valid-Time Queries}},
year = {2012}
}

@inproceedings{Pons2012ipmu,
author = {Pons, Jose Enrique and Billiet, Christophe and {Pons Capote}, Olga and {De Tr\'{e}}, Guy},
booktitle = {CCIS},
volume = {297},
pages = {420--429},
title = {{A Possibilistic Valid-Time Model}},
year = {2012}
}

@inproceedings{Bohlen1998lncs,
author = {B\"{o}hlen, Michael H. et al.},
booktitle = {LNCS},
pages = {367--405},
title = {{The Consensus Glossary of Temporal Database Concepts-February 1998 Version}},
volume = {1399/1998},
year = {1998}
}

@inproceedings{Nascimento1995siwtrr,
author = {Nascimento, Mario A. and Eich, Margaret H.},
booktitle = {Proceedings of the Second International Workshop on Temporal Representation and Reasoning},
pages = {157--162},
title = {{Decision Time in Temporal Databases}},
year = {1995}
}

@inproceedings{Bosc2010icscpr,
author = {Bosc, Patrick and Pivert, Olivier and Prade, Henri},
booktitle = {International Conference of Soft Computing and Pattern Recognition},
pages = {63--68},
title = {{An Uncertain Database Model and a Query Algebra Based on Possibilistic Certainty}},
year = {2010}
}

@inproceedings{Dubois2002lnai,
author = {Dubois, Didier and Prade, Henri},
booktitle = {LNCS},
volume = {2522},
pages = {174--182},
title = {{Bipolarity in Flexible Querying}},
year = {2002}
}

@inproceedings{Galindo2001,
author = {Galindo, Jos\'{e} and Medina, Juan M.},
booktitle = {Proceedings of the 2nd International Conference in Fuzzy Logic and Technology},
pages = {47--50},
title = {{FTSQL2: Fuzzy Time in Relational Databases*}},
year = {2001}
}

@inproceedings{Bosc2009sum,
author = {Bosc, Patrick and Pivert, Olivier and Prade, Henri},
booktitle = {Proceedings of the 3rd International Conference on Scalable Uncertainty Management},
pages = {80--94},
title = {{A Model Based on Possibilistic Certainty Levels for Incomplete Databases}},
year = {2009}
}

@inproceedings{Billiet2011fqas,
author = {Billiet, Christophe and Pons, Jose Enrique and Matth\'{e}, Tom and {De Tr\'{e}}, Guy and {Pons Capote}, Olga},
booktitle = {Lecture Notes in Artificial Intelligence},
pages = {60--71},
title = {{Bipolar Fuzzy Querying of Temporal Databases}},
year = {2011}
}

@book{Dubois1988,
  title = {Possibility Theory},
  publisher = {Plenum Press},
  year = {1988},
  author = {Dubois, Didier and Prade, Henri},
}

@incollection{DeCaluwe1999cwiis,
author = {{De Caluwe}, Rita and Devos, Filip and Maesfranckx, Patricia and {De Tr\'{e}}, Guy and {Van Der Cruyssen}, Bart},
booktitle = {Computing with Words in Information/Intelligent Systems},
pages = {229--256},
title = {{The semantics and modelling of flexible time indications}},
publisher = {Physica-Verlag},
year = {1999}
}

@incollection{Zadrozny2008hrfipd,
author = {Zadrozny, Slawomir and {De Tr\'{e}}, Guy and {De Caluwe}, Rita and Kacprzyk, Janusz},
title = {An Overview of Fuzzy Approaches to Flexible Database Querying},
booktitle = {Handbook of Research on Fuzzy Information Processing in Databases},
publisher = {IGI Global},
year = {2008}
}

@incollection{Dubois2008hrfipd,
author = {Dubois, Didier and Prade, Henri},
title = {Handling Bipolar Queries in Fuzzy Information Processing},
booktitle = {Handbook of Research on Fuzzy Information Processing in Databases},
publisher = {IGI Global},
year = {2008}
}